2922 4454
1350 311 1749 378 ..6.-

551 488 748 555 Nulla
781 488 980 576 igitur
1004 488 1206 555 aulaei
1238 490 1479 556 mentio
1504 488 1577 555 fit
1600 489 1767 578 apud
1794 490 2143 578 spriptores
2162 488 2455 558 Graecos
2481 493 2563 581 ¹),

552 595 729 660 nulla
776 594 1004 659 deinde
1053 618 1246 661 causa
1290 597 1432 679 fuit,
1485 620 1598 662 cur
1652 605 1916 685 propter
1969 596 2220 662 fabulas
2280 598 2563 685 agendas

553 701 779 766 aulaeo
843 723 1002 788 opus
1051 710 1237 766 esset.
1275 708 1336 778 2)
1399 702 1727 782 Quantum
1787 701 2062 788 denique
2121 703 2400 786 spatium
2461 728 2563 769 ex-

553 805 855 894 plendum
903 807 1042 889 fuit,
1103 807 1158 870 si
1203 808 1418 873 velum
1466 807 1663 894 pandi
1710 831 1826 895 pro
1885 831 2119 874 scaena
2167 808 2564 876 Graecorum

553 906 882 976 volumus!
952 911 1273 999 Equidem
1346 937 1646 980 scaenam
1708 914 1933 980 aulaeo
2002 914 2379 980 instructam
2437 938 2567 981 non

554 1017 751 1083 fuisse
799 1040 915 1105 pro
964 1027 1139 1084 certo
1188 1019 1395 1086 habeo
1444 1030 1639 1107 atque
1689 1010 1826 1108 ja‘m
1890 1020 2046 1107 quid
2093 1019 2295 1085 oculis
2343 1042 2568 1086 eorum

557 1124 666 1211 qui
714 1124 1093 1212 spectabant
1139 1147 1208 1190 se
1253 1127 1647 1213 proebuerit‚
1697 1149 2022 1213 quaeram.

689 1227 780 1293 Et
826 1229 1300 1317 simplicissima
1332 1231 1622 1318 quidem,
1672 1241 1741 1297 ut
1769 1234 1917 1320 jam
1965 1230 2120 1313 dixi,
2169 1254 2404 1298 scaena
2450 1231 2572 1296 fuit

557 1334 947 1401 Promethei.
1026 1336 1194 1401 Nam
1244 1360 1360 1425 per
1392 1347 1594 1407 totam
1625 1338 1910 1404 fabulam
1944 1337 2105 1403 nihil
2138 1337 2570 1426 conspicimus

558 1440 682 1506 nisi
753 1440 1019 1508 arduam
1090 1443 1371 1530 aliquam
1430 1465 1654 1531 rupem
1679 1448 1741 1521 ³)
1811 1448 1879 1508 in
1949 1445 2205 1510 deserta
2261 1441 2570 1530 Scythiae

558 1547 823 1634 regione
856 1547 1066 1613 sitam.
1148 1548 1357 1636 quue
1404 1572 1482 1615 ex
1528 1549 1746 1617 multis
1792 1549 1979 1635 hujus
2011 1534 2382 1637 tragoediae
2411 1548 2571 1613 locis

560 1662 843 1741 apparet.
867 1654 930 1741 ⁴)

692 1758 1156 1826 Proscaenium
1213 1759 1411 1850 igitur
1467 1762 1658 1850 plane
1713 1785 1989 1829 vacuum
2049 1785 2260 1849 neque
2315 1761 2454 1828 ulla
2503 1783 2574 1827 re

561 1874 935 1930 exornatum
1008 1877 1122 1932 est.
1226 1868 1412 1934 Idem
1484 1868 1676 1933 sentit
1732 1865 2287 1953 Schoenbornius3
2314 1874 2377 1945 ³)
2451 1866 2575 1932 dis-

562 1971 842 2036 sentiunt
886 1972 1290 2060 Droysenius
1346 1984 1411 2041 et
1453 1975 1815 2041 Donnerus.

694 2076 783 2142 Et
824 2077 1225 2161 Droysenius
1258 2079 1518 2166 quidem
1541 2086 1604 2159 ⁶)
1654 2081 1821 2145 hanc
1854 2102 1993 2146 esse
2041 2102 2301 2147 saenam
2326 2088 2527 2167 putat.
2558 2102 2572 2141 ε

561 2182 717 2251 litus
764 2183 980 2266 maris,
1042 2182 1126 2249 ad
1175 2185 1425 2252 laevam
1474 2210 1650 2254 mare
1699 2196 2015 2275 apertum,
2063 2208 2254 2274 rupes
2288 2186 2576 2254 desertas

562 2289 643 2371 ad
691 2289 1088 2356 dexteram.“

678 2520 727 2585 ¹)
765 2518 832 2574 cf.
869 2519 1158 2576 Hermann.
1197 2520 1453 2589 philolog.
1494 2521 1649 2576 1861.
1688 2539 1740 2590 Ρ.
1778 2520 1901 2575 565.

676 2608 727 2673 ²)
764 2607 904 2662 Nam
940 2608 1154 2664 etiamsi
1190 2625 1290 2678 pro
1326 2609 1610 2680 explorato
1647 2609 1957 2680 accipimus,
2002 2609 2144 2677 quod
2181 2609 2241 2664 Ο.
2280 2609 2579 2664 Muellerus

565 2697 673 2763 (die
710 2695 1049 2751 Eumeniden
1085 2697 1179 2752 des
1204 2696 1504 2767 Aeschylus
1531 2697 1820 2766 Gottingae
1849 2698 2003 2752 1833.
2032 2714 2086 2767 p.
2113 2696 2256 2764 105.)
2298 2697 2366 2751 de
2388 2696 2578 2751 aulaeo

565 2784 621 2838 in
645 2784 1037 2840 Eumenidibus
1061 2785 1304 2840 adhibito
1330 2786 1541 2840 erudite
1566 2785 1837 2852 disseruit,
1875 2792 2055 2840 tamen
2079 2784 2135 2839 id
2159 2784 2230 2838 ad
2252 2784 2581 2839 Eumenides

568 2879 780 2927 tantum
814 2873 1051 2942 pertinet
1089 2890 1262 2942 neque
1306 2874 1453 2927 valet
1502 2874 1557 2927 in
1594 2872 1921 2928 Prometheo
1970 2879 2066 2926 aut
2109 2873 2167 2926 in
2204 2872 2327 2928 aliis
2362 2871 2577 2928 fabulis.

681 2964 730 3027 ³)
772 2961 1032 3016 Similiter
1064 2963 1112 3017 J.
1142 2963 1204 3017 G
1233 2961 1607 3017 Rothmannus
1644 2961 1761 3027 (das
1786 2960 2269 3030 Theatergebaude
2306 2977 2376 3014 zu
2400 2959 2581 3015 Athen

568 3050 730 3105 nebst
785 3050 901 3104 drei
970 3050 1469 3121 lithographischen
1525 3050 1924 3118 Abbildungen.
2014 3049 2124 3103 Ein
2176 3049 2399 3117 Beitrag
2459 3064 2582 3102 zum

572 3138 818 3192 Studium
857 3138 953 3192 der
989 3153 1066 3207 gr.
1109 3138 1415 3206 Tragodie).
1480 3139 1804 3207 Torgoviae
1816 3138 1973 3192 1852.
1999 3155 2051 3207 p.
2081 3140 2164 3191 11.
2204 3137 2284 3191 cf.
2321 3135 2583 3203 Philologi

566 3227 632 3280 Τ.
670 3226 875 3280 XXIII.
911 3244 962 3295 p.
1002 3225 1123 3280 295.

678 3317 726 3381 ⁴)
766 3329 901 3371 vers.
944 3319 992 3381 1,
1046 3314 1129 3380 15,
1177 3316 1261 3382 20,
1313 3316 1398 3380 31,
1438 3314 1526 3379 56,
1575 3314 1694 3380 140,
1747 3313 1867 3381 749,
1908 3314 2073 3379 102ος
2132 3313 2282 3382 (edit.
2337 3311 2398 3366 G.
2443 3311 2581 3365 Her·

567 3417 794 3459 mannus
830 3404 1010 3458 Berol.
1048 3403 1224 3470 1859.)
1301 3426 1307 3433 ·

688 3495 734 3558 ⁶)
773 3491 877 3546 Die
916 3491 1092 3546 Skene
1128 3492 1223 3550 dcr
1258 3492 1540 3548 Hellenen.
1614 3490 1832 3560 Lipsiae
1870 3490 2027 3547 1858.
2064 3506 2117 3561 Ρ.
2144 3489 2265 3546 289.

525 3576 529 3580 ’
571 3583 597 3655 ’μ
685 3582 733 3648 ⁶)
772 3581 836 3633 In
872 3581 1116 3646 versione
1142 3580 1396 3653 Aeschyli
1421 3579 1835 3652 tragoediarum.
1899 3578 2140 3634 Berolini
2179 3575 2330 3636 1842.
2369 3592 2421 3645 Ρ.
2459 3573 2582 3628 409.
