2922 4454
1182 1137 1514 1311 Vita.

479 1363 624 1450 Ego
695 1361 1053 1428 Guilelmus
1121 1365 1456 1448 Augustus
1530 1359 1689 1428 Otto
1756 1358 2163 1447 Spandoiriae
2242 1359 2343 1424 die

347 1470 570 1534 Martis
616 1469 804 1534 tertio
851 1468 1001 1532 anni
1032 1465 1534 1533 MDCCCXLV
1581 1476 1790 1548 natue,
1836 1467 1903 1532 in
1950 1466 2095 1531 vico
2129 1466 2343 1552 Berge

346 1598 546 1661 prope
560 1574 810 1658 Naueu‚
826 1576 1049 1640 urbem
1061 1573 1412 1657 Marchiae,
1431 1596 1579 1661 quc,
1598 1595 1765 1638 anno
1782 1569 2340 1653 MDCCCXLVI,

346 1690 527 1767 pater
571 1680 691 1743 viis
749 1680 1018 1767 publicis
1076 1681 1466 1768 praefectae,
1531 1703 1599 1744 se
1647 1679 1948 1761 contulit,
2008 1678 2345 1766 disciplina

346 1786 667 1852 institutus
715 1811 871 1853 sum.
962 1785 1312 1874 Postquam
1371 1808 1574 1871 usque
1633 1785 1715 1850 ad
1762 1809 1996 1852 annum
2046 1795 2340 1874 quartum

348 1890 664 1958 decimum
713 1893 994 1974 scholas,
1056 1892 1121 1956 in
1178 1892 1409 1981 quibus
1455 1892 1811 1957 litterarum
1857 1892 2172 1957 elementa
2216 1900 2342 1956 tra-

347 1996 608 2080 duntur,
665 1999 1095 2086 frequentavi,
1175 2023 1211 2063 a
1269 2007 1641 2085 praecetore
1702 1997 1953 2085 privato
2011 2023 2129 2085 per
2184 1998 2343 2064 duos

345 2127 546 2167 annos
593 2106 967 2186 instructus,
1018 2103 1407 2191 Glogoviam
1453 2126 1556 2168 me
1605 2104 1875 2185 contuli,
1936 2104 2136 2185 unde,
2199 2129 2341 2170 cum

344 2233 457 2296 per
547 2220 847 2297 quattuor
936 2234 1137 2278 annos
1231 2199 1657 2299 Gymnasium
1748 2210 2341 2299 frequentavissem‚

345 2314 705 2382 testimonio
803 2318 1185 2382 maturitatis
1277 2328 1543 2405 accepto
1629 2317 2082 2383 Vratislaviam
2173 2341 2341 2384 anno

341 2420 859 2505 MDCOCLXV,
917 2436 988 2491 ut
1031 2425 1260 2490 litteris
1309 2423 1546 2489 sanctis
1594 2425 1660 2488 in
1709 2423 2034 2491 academia
2081 2446 2341 2512 operam

341 2528 590 2613 darem,
652 2531 975 2617 profectus
1023 2554 1182 2596 sum.
1277 2532 1366 2595 At
1425 2530 1596 2596 haud
1642 2531 1732 2595 ita
1776 2531 1974 2596 multo
2020 2538 2169 2619 post
2211 2541 2342 2596 stu-

342 2634 590 2701 diorum
633 2635 1168 2723 philologicorum
1216 2660 1431 2701 amore
1488 2636 1732 2715 exarsi,
1792 2659 1986 2723 quam
2044 2637 2126 2702 ob
2182 2659 2339 2715 rem,

339 2742 448 2806 vix
494 2764 624 2807 uno
671 2742 959 2807 semestri
1004 2754 1265 2828 peracto
1287 2792 1304 2824 ‚
1367 2765 1512 2807 cum
1557 2765 1687 2808 non
1733 2741 2036 2808 haberem
2083 2742 2191 2830 qui
2238 2764 2341 2807 me

278 2934 289 2945 υ
339 2847 747 2933 adjuvarent,
806 2859 1182 2935 praeceptor
1239 2848 1627 2915 domesticus
1684 2871 1881 2914 unum
1928 2871 2162 2914 annum
2208 2848 2340 2914 ruri

338 2964 626 3020 versatus
674 2977 833 3035 sum,
890 2977 1017 3042 quo
1062 2963 1372 3042 tempore,
1418 2955 1695 3020 tumultu
1727 2954 2111 3043 necopinato
2143 2954 2338 3037 facte,

339 3083 454 3147 per
500 3070 804 3147 quattuor
850 3083 1099 3125 menses
1147 3060 1460 3148 stipendia
1505 3060 1650 3126 feci.

469 3165 615 3245 Quo
663 3190 828 3232 anno
888 3190 1031 3233 cum
1080 3165 1232 3231 satis
1265 3166 1345 3232 ad
1376 3165 1585 3231 studia
1615 3165 2002 3253 incipiendia
2033 3165 2338 3254 pecuniae

337 3270 491 3335 mihi
536 3271 930 3359 paravissem
946 3320 963 3352 ‚
1012 3271 1397 3338 Berolinum·
1431 3295 1532 3337 me
1581 3272 1852 3352 contuli,
1899 3273 2041 3351 ubi,
2092 3271 2339 3338 civibus

337 3375 766 3442 universitatis
843 3377 1233 3465 adscriptus,
1311 3371 1561 3444 sudium
1639 3400 1715 3442 ac
1790 3377 2190 3464 diligentiam
2258 3376 2339 3442 ad

335 3480 751 3568 philologiam
813 3483 1107 3565 adhibui,
1165 3506 1281 3570 per
1339 3483 1510 3572 quod
1572 3493 1823 3571 tempus
1868 3483 2337 3571 professoribus

334 3586 808 3653 humanissimis
859 3587 1034 3654 adfui
1078 3589 1538 3655 disserentibus
1584 3589 1710 3654 his:
