2922 4454
503 506 658 550 usus
721 481 983 548 omnino
1039 482 1162 548 fuit
1218 482 1448 549 nullus.
1541 482 1843 550 Dilucide
1891 482 2155 570 insuper
2199 481 2523 552 Sommer·

504 587 796 654 brodtius
822 589 882 674 ¹)
928 587 1199 654 Polluce
1246 598 1408 656 teste
1455 588 1743 656 adhibito
1789 591 1894 656 vel
1939 590 2154 678 potius
2185 592 2523 679 repudiato

505 694 630 760 hoc
676 693 1137 771 demonstravit
1181 705 1245 760 et
1286 705 1487 762 restat
1532 705 1632 762 ut:
1682 719 2008 783 „quanam
2040 695 2148 763 via
2177 696 2526 762 histriones

506 800 695 888 hujus
740 800 1108 887 tragoediae
1141 800 1207 868 in
1251 824 1552 867 scaenam
1582 802 2005 891 prodierint‚“
2052 826 2453 890 quaeramus,

642 904 744 971 Ac
811 907 1086 994 primum
1156 907 1415 994 quidem
1460 908 1977 989 Prometheum,
2055 909 2525 997 Hephaestum‚

509 1011 750 1077 Kratos
769 1061 786 1093 ‚
842 1011 1030 1079 Biam
1077 1014 1413 1098 sublimes,
1480 1039 1669 1103 super
1721 1015 1931 1081 media
1974 1025 2164 1104 porta
2214 1016 2311 1104 (in
2356 1041 2525 1082 mae-

510 1119 703 1185 niano
739 1117 1051 1206 quodam)
1095 1123 1490 1208 apparuisse,
1540 1132 1867 1189 Oceanum
1917 1132 1982 1188 et
2013 1121 2380 1189 Oceanides
2411 1146 2529 1211 per

511 1233 725 1291 a‘e‘rem
797 1225 1197 1293 advolavisse
1267 1239 1518 1295 constat
1538 1228 1602 1315 2)
1672 1228 1720 1295 J
1723 1252 1910 1296 onem
1956 1250 2112 1296 vero
2173 1252 2339 1317 quae
2414 1252 2529 1317 per

512 1342 716 1398 terras
765 1355 1017 1420 semper
1063 1345 1261 1416 erret,
1324 1336 1432 1401 via
1491 1336 1777 1402 terrestri
1826 1334 2104 1423 quadam
2148 1334 2420 1422 pedibus
2461 1335 2528 1400 in

515 1459 813 1506 scaenam
878 1439 1031 1527 quin
1091 1441 1229 1507 sine
1285 1442 1417 1508 ulla
1477 1443 1775 1509 machina
1820 1440 2138 1530 prodierit
2182 1464 2372 1507 nemo
2420 1442 2529 1506 du-

514 1544 761 1612 bitabit.
855 1547 1073 1633 Atque
1134 1548 1325 1614 etiam
1372 1549 1651 1614 Hermes
1696 1549 1867 1614 haud
1916 1547 2107 1613 dubie
2152 1546 2424 1635 pedibus
2470 1555 2534 1612 et

514 1653 582 1716 in
613 1660 804 1736 terra,
837 1675 983 1719 mea
1015 1653 1273 1741 quidem
1306 1656 1626 1721 sententia
1657 1654 1937 1748 advenit,
1974 1652 2226 1719 etiamsi
2249 1652 2531 1738 Droyse-

516 1757 660 1822 nius
710 1766 778 1823 et
820 1757 1167 1827 Donnerus
1215 1784 1361 1827 eum
1422 1784 1567 1827 cum
1623 1762 1907 1829 caduceo
1956 1770 2021 1826 et
2066 1758 2302 1825 calceis
2350 1757 2533 1825 alatis

519 1864 822 1930 advolare
880 1865 1120 1932 dicunt.
1227 1868 1458 1955 Neque
1528 1868 1697 1933 enim
1760 1867 1894 1931 ullo
1952 1867 2153 1937 verbo
2216 1888 2362 1931 eum
2420 1887 2537 1952 per

520 1978 730 2036 ae’rem
753 1973 1264 2060 appropinquare
1287 1975 1633 2057 indicatur3
1657 1973 1977 2040 indicatur
2000 1981 2213 2038 autem
2229 1971 2447 2037 multis
2472 1980 2538 2034 et

516 2077 873 2167 perspicuis
897 2080 1112 2145 verbis
1145 2103 1291 2145 cum
1314 2079 1616 2147 Oceanus
1648 2090 1711 2146 et
1745 2076 2109 2146 Oceanides
2141 2080 2534 2165 apparent³)

522 2183 729 2251 Versu
793 2185 960 2252 enim
1023 2186 1153 2253 945
1175 2193 1237 2266 ⁴)
1323 2186 1601 2253 Hermes
1662 2186 1711 2254 J
1714 2186 1852 2252 ovis
1924 2205 2146 2253 cursor
2203 2180 2335 2262 (τ’ὅυ
2390 2179 2539 2261 Διὸς

524 2289 758 2380 τρόχις)
806 2293 1183 2381 appellatur,
1238 2293 1286 2360 J
1288 2294 1426 2359 ovis
1459 2293 1765 2361 mandata
1792 2315 2033 2380 nempe
2065 2299 2538 2379 persecuturus,

526 2419 911 2485 quocunque
957 2398 1249 2480 mittitur,
1304 2400 1635 2467 festinans.
2263 2383 2267 2390 ‚

660 2501 793 2570 Sed
851 2504 1266 2572 nihilominus
1323 2503 1778 2593 inquirendum
1851 2511 1982 2584 est,
2054 2511 2270 2568 utrum
2327 2501 2376 2568 J
2378 2524 2416 2566 o
2478 2510 2544 2565 et

526 2610 806 2676 Hermes
861 2613 930 2676 in
987 2611 1180 2699 plano
1238 2635 1319 2677 an
1391 2611 1700 2678 sublimes
1759 2609 1827 2675 in
1889 2609 2149 2675 summis
2214 2607 2544 2674 montibus

529 2727 594 2782 et
637 2716 901 2804 rupibus
949 2727 1320 2805 appareant.

644 2953 693 3021 ¹)
731 2953 815 3006 De
864 2952 1119 3023 Aeschyli
1173 2969 1232 3007 re
1287 2952 1536 3008 scaenica
1580 2952 1624 3005 Ι.
1672 2950 1906 3020 Lignicii
1943 2948 2100 3003 1848.
2157 2966 2209 3016 p.
2247 2950 2315 3002 19
2372 2951 2548 3014 (quem

532 3041 774 3096 libellum
795 3043 969 3096 secuti
994 3049 1121 3097 sunt
1139 3042 1245 3097 duo
1266 3042 1389 3096 alii:
1430 3042 1500 3095 11.
1530 3039 1760 3107 Lignicii
1780 3037 1936 3093 1851.
1974 3037 2074 3091 111.
2098 3035 2544 3105 Tanglimi1858.

644 3133 693 3196 ²)
734 3130 813 3184 Cf.
854 3130 1313 3186 Schoenbornium
1348 3130 1384 3183 1.
1425 3145 1469 3184 c.
1506 3146 1556 3199 p.
1597 3130 1717 3183 290.
1755 3193 1760 3200 ο

648 3220 696 3285 ⁸)
737 3219 915 3273 verbis
953 3220 1000 3273 si
1037 3219 1157 3287 quis
1194 3220 1250 3273 in
1275 3233 1524 3274 scaenam
1547 3216 1814 3287 prodierit
1837 3214 1923 3270 vel
1948 3212 2211 3283 quomodo
2236 3210 2550 3280 proditurus

535 3307 707 3364 fuerit
742 3308 1138 3375 spectatoribus
1173 3307 1488 3376 plerumque
1527 3307 1841 3361 nunciatum
1887 3317 2004 3359 esse
2020 3343 2034 3368 ,
2085 3299 2404 3355 Aristoteles
2440 3298 2550 3366 περὶ

535 3391 796 3464 manentis
837 3411 880 3450 c.
923 3395 1006 3449 17.
1048 3396 1193 3451 dicit·

642 3489 696 3555 ⁴)
738 3486 934 3541 Omnes
970 3485 1224 3555 Aeschyli
1259 3483 1658 3555 tragoediarum
1693 3481 1840 3538 locos
1877 3494 1945 3534 ex
1968 3476 2266 3533 Hermanni
2298 3472 2551 3529 editione·

487 3590 491 3597 '
536 3575 710 3634 Berol.
751 3575 906 3629 1859.
944 3573 1126 3629 affero.
