2922 4454
1311 285 1754 353 ..22-

539 460 725 550 ponit
768 458 1160 528 wolckerus
1185 466 1246 539 ¹)
1293 481 1425 524 non
1471 458 1749 526 libenter
1809 459 2155 547 accipiam,
2214 459 2367 546 quia
2422 482 2570 525 non

541 565 890 631 verisimile
936 573 1064 646 est,
1124 562 1463 631 Oceanum
1522 565 1649 631 alio
1710 564 1972 632 animali
2025 587 2211 632 usum
2272 588 2415 631 esse
2476 566 2572 631 ad

540 670 886 737 volandum
940 692 1136 756 quam
1190 669 1358 736 filiae
1377 718 1395 751 ‚
1455 694 1620 758 quae
1679 693 1762 735 ex
1822 669 2049 737 eodem
2105 670 2267 736 mari
2325 671 2571 737 itinere

543 776 768 841 eodem
816 775 1207 842 advolabant
1251 775 1331 841 ad
1378 774 1856 842 Prometheum.

676 879 1029 966 Droysenii
1055 887 1118 960 2)
1151 880 1308 948 illud
1356 881 1798 968 „gaukelndes
1840 883 2203 947 Meerross“
2234 881 2574 968 vituperat

542 984 1068 1057 Schoenbornius
1090 984 1155 1072 ³)
1201 985 1332 1073 qui,
1395 986 1645 1073 opinor,
1693 986 1851 1052 illud
1889 986 2277 1074 .‚,gaukeln“
2323 1009 2570 1073 nequa-

545 1115 739 1179 quam
786 1114 931 1157 cum
962 1091 1337 1178 tragoediae
1369 1091 1693 1178 gravitate
1726 1092 2074 1159 convenire
2105 1103 2310 1180 putat.
2382 1091 2571 1171 Quid

544 1199 716 1264 enim
763 1196 1085 1284 significet
1115 1196 1493 1283 ,‚gaukeln“
1540 1207 1793 1285 praeter
1838 1199 2125 1280 „sensim
2174 1200 2312 1263 sine
2368 1222 2570 1264 sensu

542 1305 853 1388 moveri“‚
912 1302 1212 1391 equidem
1271 1325 1400 1368 non
1460 1302 1801 1389 exquirere
1860 1325 2157 1392 possum3
2216 1303 2285 1369 id
2344 1312 2571 1370 autem

545 1409 784 1496 optime
832 1408 1139 1494 intellego
1153 1456 1172 1490 ,
1228 1408 1504 1473 bestiam
1549 1408 1748 1495 pedes
1794 1430 1909 1474 seu
1957 1418 2149 1496 caput
2194 1420 2572 1476 moventem

541 1537 947 1603 nequaquam
1005 1513 1348 1581 convenire
1407 1537 1556 1580 cum
1615 1513 1832 1580 verbis
1881 1512 2132 1581 Oceani
2193 1524 2260 1581 et
2316 1524 2569 1604 specta—

541 1630 756 1687 torum
803 1620 1118 1698 sensibus,
1167 1619 1393 1707 quales
1442 1642 1585 1686 esse
1630 1619 1909 1686 debeant
1952 1620 2021 1684 in
2066 1622 2416 1706 tragoedia.

674 1725 906 1813 Itaque
937 1724 1240 1793 Oceanus
1287 1746 1453 1812 equo
1505 1726 1672 1789 alato
1720 1747 1871 1792 usus
1919 1748 2058 1791 esse
2105 1725 2262 1790 mihi
2307 1726 2570 1793 videtur

543 1830 889 1912 maritime,
953 1831 1239 1917 ejusdem
1286 1829 1541 1915 generis
1561 1880 1578 1911 ,
1640 1832 1820 1915 cujus
1881 1841 2064 1897 erant
2109 1831 2256 1919 equi
2303 1854 2570 1897 currum

545 1936 819 2004 filiarum
870 1936 1196 2003 vehentes.

677 2042 912 2108 Restat
972 2052 1043 2107 ut
1104 2041 1292 2125 alias,
1356 2063 1525 2129 quae
1580 2042 1647 2106 in
1705 2042 2094 2110 Prometheo
2155 2042 2562 2126 adhibentur,

544 2146 871 2213 machinas
906 2168 1421 2230 commemorem,
1471 2148 1809 2214 bronteum
1858 2159 1923 2214 et
1954 2171 2564 2238 ceraunoscopeum,

546 2255 623 2320 de
670 2254 901 2342 quibus
947 2276 1135 2339 quam
1183 2275 1388 2340 pauca
1419 2278 1457 2319 a
1491 2252 1763 2321 Graecis
1794 2255 1952 2341 ipsis
1984 2255 2181 2322 verba
2213 2257 2565 2321 afferantur
2617 2311 2622 2316 .

545 2369 611 2428 et
656 2369 909 2427 veteres
956 2370 1021 2424 et
1068 2359 1179 2448 qui
1235 2382 1408 2426 nunc
1468 2370 1618 2426 sunt
1666 2359 1789 2426 viri
1836 2361 2013 2427 docti
2058 2371 2559 2449 conqueruntur.

1115 2572 1233 2638 De
1293 2594 1976 2661 ceraunosoopeo.

680 2738 977 2797 Extrema
1044 2729 1414 2797 Promethei
1494 2740 1680 2818 parte
1756 2730 1901 2796 imis
1972 2755 2219 2798 summa
2289 2731 2561 2798 confusa

541 2826 833 2902 videmus
880 2848 945 2901 et
990 2834 1412 2902 Prometheus
1471 2837 1632 2924 ipse,
1691 2835 2061 2924 priusquam
2122 2847 2334 2904 terrae
2379 2838 2560 2904 hiatu

540 2941 973 3024 hauriebatur,
1020 2941 1180 3007 haec
1229 2941 1416 3008 dicit:

652 3190 699 3254 ²)
739 3187 1010 3255 Welcker‚
1048 3188 1084 3243 1.
1122 3203 1165 3242 c.
1204 3163 1275 3256 ps
1294 3187 1380 3242 25.
1418 3188 1505 3243 26.

653 3278 702 3342 ²)
741 3276 776 3330 1.
813 3291 858 3330 c.
897 3293 949 3344 p.
987 3274 1110 3329 421.
1186 3274 1342 3342 „Von
1380 3276 1478 3330 der
1513 3276 1804 3331 Meerseite
1849 3276 1950 3331 her
1995 3276 2202 3331 kommt
2246 3278 2344 3332 der
2379 3278 2556 3346 greise

541 3364 789 3417 Oceanus
825 3362 924 3417 auf
955 3363 1159 3417 seinem
1196 3362 1541 3432 gaukelnden
1574 3362 2036 3432 Flugelmeerross
2085 3364 2256 3420 durch
2301 3367 2386 3421 die
2422 3366 2558 3421 Luft
2597 3425 2607 3434 ,

536 3449 979 3605 ὴθτέὶιιςετίιιθη,
1017 3451 1102 3506 bis
1138 3465 1235 3505 vor
1269 3450 1631 3507 Prometheus
1666 3452 1880 3508 Felsen.

734 3537 770 3592 1.
809 3551 856 3593 e.
891 3554 949 3608 p.
984 3538 1107 3594 295.
