2922 4454
558 451 787 535 πρῶτον
851 446 1079 538 οἷγαγεῒν
1140 452 1509 541 praedicat,
1580 448 1678 517 καὶ
1723 447 1800 518 τοὶ
1848 453 1953 519 τ’ὅυ
2007 453 2193 539 χορὸυ
2250 454 2583 522 ἐλαττῶσαι

561 590 659 658 καὶ
705 588 803 659 τὸν
833 590 1001 679 λόγον
1033 589 1517 680 πρωταγωνιστὴν
1549 590 2023 678 παρασκευάσαι.
2071 596 2306 684 Itaque
2337 598 2580 662 factum

564 743 680 817 est,
729 744 800 799 ut
845 735 1101 801 fabulae
1137 734 1444 823 Aeschyli
1483 737 1617 820 jam
1665 737 1898 801 mortui
1945 737 2177 803 iterum
2220 761 2295 803 ac
2328 739 2582 826 saepius
2595 795 2624 826 ἴ

564 875 950 941 docerentur
974 874 1034 962 ¹)
1083 885 1148 940 et
1202 875 1632 942 Athenienses
1694 900 1839 943 eum
1901 888 2145 966 patrem
2209 876 2583 965 tragoediae

566 1018 985 1106 appellarent·
1085 1016 1315 1105 Neque
1386 1017 1618 1084 desunt
1687 1040 1859 1084 nunc
1929 1042 2188 1107 quoque
2258 1010 2369 1107 qui
2439 1043 2584 1086 eum

472 1192 479 1197 ·
566 1183 711 1226 cum
771 1159 1070 1244 maximis
1132 1159 1415 1225 omnium
1476 1168 1837 1246 temporum
1896 1160 2102 1248 poetis
2163 1159 2393 1225 eodem
2441 1162 2585 1227 loeo

565 1299 848 1366 habeant
927 1308 1118 1387 atque
1200 1322 1323 1386 ego
1391 1309 1736 1388 postquam
1805 1299 2117 1388 Aeschyli
2188 1299 2400 1365 studio
2471 1297 2588 1388 per

455 1486 461 1494 -
573 1441 843 1506 multum
900 1404 1152 1528 tem-pus
1208 1462 1339 1513 non
1399 1440 1537 1526 sine
1559 1444 1572 1455 ⁸
1593 1462 1843 1505 summa
1887 1440 2220 1527 voluptate
2265 1463 2370 1534 me
2417 1440 2586 1523 dedi,

567 1544 881 1669 imflrimis
925 1579 1382 1646 Prometheum
1429 1579 1866 1668 Aeschyleam
1914 1580 2109 1668 elegi,
2159 1579 2239 1644 de
2288 1555 2474 1669 cujus
2517 1604 2590 1646 re

571 1721 868 1789 scaenica
911 1744 1083 1787 nunc
1131 1719 1286 1807 quid
1332 1719 1457 1784 viri
1502 1719 1677 1785 docti
1725 1720 2009 1787 dixerint
2054 1721 2398 1823 diligenter
2442 1744 2587 1822 per-

488 1860 491 1861 ⁷
572 1873 925 1947 scrutatus,
988 1862 1226 1951 optime
1284 1870 1540 1948 gratum
1586 1884 1804 1926 meum
1853 1863 2136 1929 animum
2186 1870 2413 1950 poe‘tae
2457 1884 2590 1928 ma-

572 2006 760 2073 nibus
806 2012 1134 2092 praestare
1179 2025 1284 2069 me
1330 2012 1509 2090 puto.
1601 2001 1773 2068 Nam
1832 2001 2084 2068 etiamsi
2131 2024 2261 2068 non
2306 2026 2480 2078 nova
2527 2012 2592 2069 et

571 2146 859 2225 inaudita
905 2145 986 2210 de
1032 2144 1133 2209 his
1179 2145 1370 2211 rebus
1420 2144 1716 2225 afferam,
1764 2153 1984 2209 tamen
2032 2143 2334 2231 aequales
2382 2154 2448 2210 et
2494 2168 2589 2211 so-

558 2290 753 2356 ·dales
798 2310 975 2353 meos
1025 2286 1106 2352 ad
1153 2276 1434 2352 studium
1480 2285 1638 2363 illud
1683 2259 1954 2351 incitare
2013 2285 2169 2349 mihi
2221 2285 2476 2370 videor,
2536 2287 2589 2351 si

576 2430 973 2496 difficiliores
1024 2427 1332 2515 quosdam
1396 2427 1477 2492 de
1532 2447 1603 2491 re
1650 2425 1948 2491 scaenica
1993 2412 2171 2508 locos
2218 2425 2589 2492 auctoribus

575 2571 856 2659 undique
904 2541 1154 2636 collatis
1197 2568 1623 2635 illustravero.

694 2783 741 2846 ¹)
779 2779 1035 2836 Philostr.
1073 2779 1182 2835 vit.
1221 2778 1396 2849 Apoll.
1432 2779 1515 2834 VI
1551 2781 1636 2831 11.

1452 3159 1500 3165 .....
1509 3154 1769 3164 ..a-——Q
