2922 4454
1329 280 1780 346 -20-

546 456 675 521 tale
731 453 993 542 aliquod
1050 458 1417 525 vehiculum
1476 478 1741 544 prorsus
1798 452 2145 520 abhorrere
2192 479 2231 521 a
2275 464 2574 521 veterum

548 560 828 647 pictura,
891 560 1121 629 deinde
1180 564 1314 630 alas
1360 587 1497 629 non
1543 584 1736 651 posse
1785 560 1923 625 sine
1968 560 2328 627 insulsitate
2375 559 2575 625 inseri

548 666 671 731 nisi
718 667 1121 749 animalibus,
1172 692 1335 756 quae
1385 692 1494 735 eas
1543 678 1864 749 moveant,
1913 688 2347 754 magnamque
2395 665 2575 730 deni-

551 794 676 858 que
736 771 1182 839 difficultatem
1239 774 1536 862 praeberi
1597 773 1850 839 locandi
1918 795 2033 859 per
2101 771 2412 859 reliquam
2480 770 2578 834 fa·-

478 953 489 963 ·
552 877 769 942 hulam
818 901 1041 943 currus
1088 880 1261 953 alati,
1358 879 1682 967 Equidem
1741 878 2099 945 concedere
2145 900 2276 942 non
2322 900 2576 974 recum,

550 984 728 1048 nulla
774 1007 997 1049 currus
1046 985 1196 1050 alati
1255 987 1555 1073 exempla
1618 994 1835 1051 extare
1895 983 1962 1047 in
2010 983 2301 1071 picturis.
2396 980 2579 1061 Quid

554 1089 819 1154 autem?
909 1089 1142 1156 Nonne
1190 1090 1384 1156 etiam
1445 1115 1517 1157 os
1577 1100 1870 1178 apertum
1897 1089 1959 1176 ¹)
2030 1089 2309 1154 alienum
2379 1097 2478 1153 est
2539 1113 2581 1153 a

553 1196 813 1281 pictura
861 1204 925 1260 et
971 1195 1096 1261 alia
1129 1196 1492 1282 ejusmodi?
1553 1195 1860 1262 Attamen
1896 1196 1962 1259 in
2009 1194 2266 1260 theatro
2312 1196 2581 1261 fuerunt

552 1300 928 1366 necessaria
978 1310 1043 1366 ct
1086 1302 1231 1366 vice
1276 1325 1467 1368 versa
1498 1302 1832 1368 mulierem
1884 1301 2192 1367 nudatam
2240 1322 2279 1363 a
2325 1321 2577 1364 summo

551 1405 632 1471 ad
695 1406 893 1471 imum
956 1406 1095 1472 sine
1153 1407 1385 1492 dubio,
1459 1408 1710 1473 etiamsi
1769 1432 1806 1472 a
1863 1406 2092 1472 theatri
2163 1406 2347 1471 abest
2416 1414 2576 1489 arte,

552 1520 766 1577 tamen
813 1512 1094 1599 pictores
1144 1522 1208 1578 et
1254 1512 1542 1578 statuarii
1588 1535 1999 1600 nequaquam
2033 1513 2458 1576 removebant
2490 1533 2577 1576 ex

553 1617 747 1683 rebus
806 1616 1252 1704 depingendis.
1345 1618 1500 1684 Non
1558 1619 1648 1684 ita
1705 1618 1771 1682 in
1841 1616 2081 1684 eisdem
2130 1616 2383 1683 'finibus
2451 1616 2577 1682 hae

444 1724 448 1729 ’
555 1722 719 1787 duae
766 1732 936 1788 artes
984 1733 1357 1805 versantur,
1409 1733 1512 1803 ut,
1562 1746 1726 1810 quae
1775 1724 1976 1787 altera
2024 1723 2290 1808 spernit,
2347 1722 2578 1787 eadem

560 1837 969 1914 spernantur‘
1003 1829 1084 1892 ab
1140 1829 1361 1898 altera.
1468 1827 1663 1908 Quod
1721 1839 1935 1929 autem
1983 1828 2380 1916 Geppertius
2437 1829 2576 1893 alas

555 1957 686 1999 non
736 1933 873 1998 sinc
920 1934 1191 2022 ineptiis
1226 1935 1422 2002 inseri
1472 1935 1630 2000 dicit
1684 1934 1917 2018 currui,
1975 1935 2083 2022 qui
2132 1957 2240 2003 eas
2271 1933 2577 2000 movendi

512 2062 515 2065 ’
556 2039 623 2104 vi
671 2050 907 2121 careat,
957 2040 1114 2105 mihi
1158 2064 1289 2106 non
1337 2040 1695 2129 persuadet.

687 2144 860 2211 Nam
916 2146 971 2211 si
1029 2157 1161 2212 tam
1220 2147 1412 2213 anxie
1483 2157 1547 2211 et
1617 2145 1966 2229 subtiliter,
2038 2169 2203 2234 quac
2273 2169 2420 2211 cum
2477 2144 2574 2212 rei

560 2251 915 2338 cujuspiam
961 2262 1190 2320 natura
1235 2276 1366 2318 non
1415 2254 1824 2333 conveniunt,
1873 2252 2099 2316 tollere
2145 2254 2441 2317 volumus
2488 2275 2575 2317 ex

558 2366 720 2440 arte,
766 2381 895 2423 non
946 2359 1294 2425 manebunt
1340 2357 1648 2425 Mercurii
1698 2360 1889 2445 galea
1936 2360 2106 2425 alata
2153 2369 2264 2423 aut
2293 2357 2574 2424 Junonis

558 2485 780 2529 currus
825 2473 1091 2545 rotatuS‚
1139 2465 1207 2530 in
1255 2488 1380 2552 quo
1426 2488 1543 2552 per
1590 2474 1804 2530 aerem
1852 2463 2190 2530 advehitur
2232 2463 2402 2552 apud
2431 2461 2574 2528 Ho-

558 2590 804 2634 merum
851 2578 917 2635 et
962 2570 1089 2637 alia
1134 2570 1446 2656 ejusmodi
1503 2570 1754 2641 similia.

470 2949 479 2952 -
558 2905 678 2960 eine
728 2905 878 2960 todte
916 2903 1214 2968 Maschine,
1269 2905 1357 2959 ein
1401 2904 1628 2972 Wagen‚
1689 2903 2063 2972 widerspricht
2118 2904 2290 2959 einem
2352 2905 2576 2959 solchen

562 2993 856 3048 Ornament
912 3020 974 3031 --
1037 2992 1144 3046 Ein
1180 2992 1391 3060 Wagen
1445 2994 1545 3046 mit
1599 2993 1774 3046 einem
1824 2991 1966 3046 Chor
2019 3007 2122 3047 von
2161 2993 2229 3045 15
2267 2993 2576 3047 Oceaniden

558 3081 656 3135 der
710 3096 807 3135 aus
862 3079 959 3134 der
993 3079 1149 3133 Hohe
1212 3080 1312 3135 auf
1360 3081 1447 3135 die
1509 3084 1677 3134 Scene
1732 3079 2142 3136 herabschwebt
2194 3080 2306 3134 und
2358 3080 2477 3135 hier
2512 3097 2575 3135 so

556 3168 714 3236 lange
752 3168 878 3232 halt,
917 3168 1000 3221 bis
1037 3167 1124 3221 die
1160 3168 1445 3238 Nympfem
1506 3170 1592 3222 die
1650 3167 1766 3221 sich
1821 3167 1878 3220 in
1933 3167 2045 3219 ihm
2090 3163 2357 3233 befinden,
2415 3169 2575 3222 einen

559 3256 703 3311 Ghor
756 3270 1030 3323 gestingen
1086 3255 1196 3309 und
1249 3257 1348 3310 mit
1402 3256 1524 3310 dem
1569 3255 1802 3308 Titanen
1837 3254 2196 3310 Prometheus
2251 3257 2412 3324 lange
2465 3257 2573 3310 Ge-

560 3342 780 3409 spriiche
817 3341 1099 3413 gepfiogen
1135 3342 1330 3408 haben,
1371 3373 1437 3383 -
1475 3345 1579 3397 mir
1614 3342 1836 3411 danem,
1875 3343 1970 3396 das
1998 3342 2180 3396 Ganze
2217 3349 2421 3399 musste
2460 3343 2574 3397 sich

558 3431 844 3501 ungemein
881 3431 1014 3485 steif
1043 3431 1155 3485 und
1191 3431 1489 3487 sonderbar
1524 3444 1939 3502 ausgenommen
1973 3430 2203 3484 haben.“

675 3538 721 3607 ¹)
756 3521 923 3591 larva.
