2922 4454
1151 300 1411 382 ..21
1502 351 1590 369 ....

501 491 884 559 Collocandi
928 491 1209 578 denique
1257 490 1623 574 difficultas,
1672 515 1866 579 quam
1913 490 2384 578 Geppertius¹)

354 601 655 685 graviter
712 604 1207 680 commemorat,
1277 596 1680 680 sublevatur,
1743 596 1797 661 si
1852 619 1984 661 non
2044 595 2113 661 in
2175 596 2389 662 media

357 725 606 769 scaena
672 704 1145 790 prominentem
1212 701 1515 788 fingimus
1586 726 1842 768 currum
1903 712 1967 766 et
2025 701 2388 769 Oceanides

356 830 610 895 magno
681 832 826 874 eum
891 810 1115 876 labore
1183 807 1454 897 pedibus
1526 819 1718 897 atque
1787 808 2081 873 manibus
2159 830 2242 872 ex
2309 830 2388 873 eo

360 914 685 981 enitentes
703 961 739 996 ,,
781 915 895 980 sed
954 915 1036 979 ad
1094 931 1364 980 scaenae
1400 914 1702 980 -frontem
1760 915 1991 980 leniter
2048 915 2394 1000 appropin·-

362 1028 700 1108 quantem,
747 1020 965 1097 talem,
1010 1043 1091 1083 ex
1141 1020 1314 1106 quali
1360 1019 1552 1085 facile
1597 1020 1736 1085 fieri
1783 1028 2005 1107 posset
2050 1018 2283 1084 exitus.

504 1125 654 1213 Ego
705 1123 1048 1212 Geppertii
1109 1125 1388 1190 rationes
1447 1124 1698 1191 etiamsi
1761 1148 1864 1190 me
1925 1148 2056 1190 non
2103 1133 2388 1208 movent,

362 1242 592 1297 tamen
653 1239 725 1296 ut
783 1253 1039 1295 currum
1098 1230 1362 1295 reiciam
1421 1232 1660 1296 alatum
1720 1253 1824 1296 me
1882 1230 2187 1317 perduxit
2232 1230 2388 1294 hoc:
2501 1252 2504 1255 ·

366 1346 600 1403 extant
644 1335 953 1423 picturae,
1003 1335 1234 1423 quibus
1274 1335 1501 1401 Thetis
1544 1358 1689 1400 cum
1718 1335 2108 1401 Nereidibus
2138 1334 2393 1422 depicta

370 1452 474 1508 est
522 1441 805 1506 assidens
852 1441 920 1505 in
966 1464 1178 1525 curru,
1229 1441 1339 1528 qui
1386 1441 1468 1506 ab
1502 1441 1684 1528 equis
1720 1441 1906 1506 alatis
1937 1440 2212 1509 vehitur.
2289 1440 2393 1505 Ex

368 1547 518 1635 aliis
579 1546 733 1612 artis
791 1544 1095 1634 operibus
1159 1546 1539 1634 praesertim
1606 1546 1674 1612 in
1732 1556 2013 1612 mentem
2073 1546 2257 1612 venit
2316 1568 2393 1610 ea

370 1654 700 1720 caelatura
745 1676 939 1740 quam
987 1651 1252 1741 Cypseli
1311 1652 1472 1718 cista
1517 1651 1908 1740 praebuit,·²)
1962 1675 2172 1741 neque
2220 1651 2392 1718 enim

369 1759 647 1825 multum
693 1759 877 1825 abest
922 1757 1315 1845 comparatio
1350 1758 1755 1824 Oceanidum
1802 1782 1948 1824 cum
1978 1757 2390 1825 Nereidibus.

507 1863 611 1929 De
680 1862 952 1930 Oceano
1021 1864 1160 1951 ipso
1230 1886 1360 1929 non
1436 1865 1669 1930 multis.
1723 1887 1882 1952 opus
1960 1864 2082 1929 erit
2156 1864 2390 1931 verbis.

368 1969 628 2036 Eadem
684 1970 752 2034 in
798 1969 1092 2036 machina
1138 1993 1266 2057 qua
1321 1970 1490 2035 filiae
1545 1969 2001 2052 inducebatur,
2049 1968 2278 2034 sedens
2325 1970 2392 2034 in

374 2099 545 2162 equo
600 2075 921 2141 maritimo
982 2075 1154 2140 alato
1174 2124 1191 2155 ,
1252 2076 1509 2161 qualem
1566 2075 1705 2163 ipse
1751 2070 2239 2159 ,,τετρασκελής“·“
2285 2098 2393 2162 ap·

378 2179 676 2271 pellat.³)
768 2179 1150 2247 Eustathius
1176 2180 1236 2268 ⁴)
1287 2181 1623 2248 Oceanum
1678 2177 1771 2247 ἐπὶ
1814 2176 2026 2267 γρυπὸς
2071 2179 2390 2260 καθίζοντα

380 2288 682 2374 explicat.
777 2285 1163 2352 Welckerus
1240 2298 1452 2353 autem
1515 2288 1683 2353 istud
1753 2289 1990 2355 animal
2045 2299 2394 2375 propterea

377 2415 510 2458 non
554 2388 743 2477 γρύπα
794 2391 993 2457 fuisse
1038 2401 1291 2474 monet,
1342 2392 1516 2479 quod
1560 2387 1720 2475 γρύψ
1764 2393 1920 2459 nulli
1971 2394 2091 2459 deo
2140 2416 2393 2459 sacrum

376 2499 608 2566 fuisset
650 2497 1006 2581 maritimo,
1035 2571 1039 2577 ⁵
1066 2496 1180 2562 sed
1226 2497 1539 2584 Apollini.
1630 2498 1954 2584 Pegasum
2002 2522 2195 2586 quem
2239 2522 2392 2587 pro-

495 2710 543 2774 ι)
579 2707 614 2760 1.
654 2724 698 2763 c.
736 2726 788 2776 p.
828 2708 933 2762 180
970 2708 1117 2772 „und
1152 2707 1328 2762 wohin
1363 2707 1522 2762 sollte
1569 2724 1681 2762 nun
1728 2708 1824 2762 der
1858 2709 2084 2777 Wagen,
2130 2708 2391 2764 nachdem

376 2796 476 2850 ihn
514 2796 610 2850 der
645 2795 788 2850 Chor
823 2797 1099 2850 verlassen
1145 2781 1314 2862 h'atte,
1373 2794 1636 2863 gebracht
1671 2796 1924 2850 werden?
1972 2796 2142 2851 Stand
2189 2812 2251 2850 er
2299 2797 2395 2852 das

376 2898 553 2952 ganze
590 2883 761 2939 Stuck
796 2883 1065 2940 hindurch
1100 2883 1199 2937 auf
1229 2884 1323 2938 der
1364 2883 1618 2937 Scene?“

493 2972 543 3037 ²)
582 2971 660 3026 cf.
699 2971 891 3026 Pausa.
931 2972 997 3026 V.
1038 2972 1121 3026 19.
1160 2973 1209 3025 8.
1268 2980 1325 3026 et
1382 2987 1631 3026 vasorum
1690 2972 1932 3039 picturas
1988 2987 2121 3039 quas
2179 2970 2398 3039 collegit

377 3058 759 3114 Hamiltonius.

493 3146 543 3212 2)
580 3145 756 3201 Prom.
796 3162 844 3201 v.
884 3146 1005 3201 396.

781 3222 960 3304 λευρῖιν
994 3224 1084 3305 γὰρ
1123 3231 1260 3304 οἶμον
1297 3236 1504 3304 αἰθέρος
1539 3232 1706 3303 ψαίρει
1741 3239 1938 3305 πτεροῖς

780 3312 1113 3391 τετρασκελὴς
1154 3314 1318 3381 οἷωνὸς
1357 3364 1367 3375 .
1408 3363 1418 3374 .
1460 3364 1473 3376 .

496 3392 544 3456 ⁴)
582 3392 648 3443 In
685 3389 874 3460 Odyss.
912 3392 963 3446 2.
1001 3409 1051 3460 p.
1097 3392 1249 3445 1545.
1289 3390 1375 3446 49.
1420 3455 1425 3460 ⁶

523 3468 644 3530 οὕτω
681 3478 760 3530 καὶ
797 3470 1024 3547 «incusatio,
1074 3477 1191 3532 τότε
1229 3469 1352 3549 ὕδωρ
1392 3468 1510 3532 ἇυτό
1551 3481 1628 3529 καὶ
1667 3475 2002 3549 μυθευόμενος
2039 3470 2099 3538 ὦς
2134 3468 2271 3552 θείς.
2343 3469 2399 3532 ὃν

379 3555 406 3621 ὅ
450 3560 672 3635 τραγικός
707 3559 985 3640 Αἰσχύλος
1019 3568 1097 3618 ἰπὶ
1133 3558 1310 3637 γρυπός
1344 3563 1617 3633 καθίζοντα
1655 3557 1821 3636 ἐξάγει
1859 3555 1978 3636 πρδς
2012 3565 2236 3636 simper.
