2922 4454
1389 310 1834 377 -32-

613 484 831 566 adicit,
876 509 1005 551 non
1067 484 1353 552 dubitem
1411 487 1737 574 accipere,
1798 464 1974 575 quod
2036 508 2181 552 cum
2226 485 2543 554 Welkero
2567 484 2630 584 ¹)
2733 537 2739 541 <

613 601 972 658 statuerunt
1014 589 1098 657 G.
1148 591 1585 674 Hermannus,
1609 599 1675 671 2)
1732 589 1805 658 C.
1856 588 2050 658 Fred.
2099 592 2536 674 Hermannus,
2565 595 2630 665 ³)

612 694 1160 775 Schoenbornius,
1187 701 1241 778 ⁴)
1313 697 1396 763 A.
1459 696 1842 765 Muellerus.-
1864 701 1923 778 ³)
1982 696 2350 764 Promethei
2410 706 2632 785 partes

613 804 901 890 expletas
934 803 1131 868 fuisse
1164 803 1489 870 simulacri
1530 804 1918 890 adjumento,
1966 804 2141 891 quod
2187 803 2330 890 rupi
2362 801 2632 868 affixum

614 918 783 974 esset
830 918 895 974 et
954 909 1333 975 histrionem
1389 909 1571 973 illum
1619 910 2187 997 complecteretur,
2252 909 2364 995 qui
2407 909 2631 996 primo

616 1013 892 1081 Vulcani
938 1023 1153 1103 partes
1202 1015 1428 1101 egerit.

753 1120 1002 1199 Quodsi
1075 1118 1665 1187 Sommerbrodtius
1691 1118 1755 1197 ⁰)
1827 1120 2281 1187 Prometheum
2350 1121 2417 1185 in
2487 1120 2632 1208 ipso

620 1227 899 1309 incessu,
965 1226 1117 1291 dum
1165 1227 1329 1292 liber
1382 1226 1484 1309 sit,
1547 1225 2016 1314 quodammodo
2086 1225 2371 1292 indicare
2439 1249 2635 1315 posse

613 1332 800 1420 fingit
846 1332 1044 1399 animi
1093 1331 1188 1396 sui
1251 1332 1618 1398 firmitatem
1667 1342 1731 1396 et
1763 1332 2208 1415 constantiam,
2256 1342 2433 1399 recte
2482 1356 2635 1398 cum

614 1437 693 1504 A.
722 1438 1032 1504 Muellero
1058 1446 1117 1518 ²)
1146 1439 1496 1527 quaeritur,
1530 1438 1699 1503 unde
1724 1439 1917 1504 liceat
1933 1439 2146 1517 conici
2170 1438 2635 1505 Prometheum

616 1544 958 1633 magnifice
990 1546 1315 1625 incedere,
1348 1544 1721 1634 priusquam
1753 1543 1834 1611 ad
1867 1567 2019 1611 saxa
2039 1545 2359 1632 alligetur.

792 1650 1003 1717 Immo
1050 1650 1188 1739 ipse
1234 1649 1660 1717 Prometheus
1708 1673 1853 1716 cum
1899 1651 2194 1716 Vulcano
2231 1650 2496 1716 Robore
2546 1648 2637 1714 Vi

608 1760 743 1843 jam
790 1756 938 1823 inde
984 1738 1065 1823 a'b
1112 1757 1298 1822 initio
1348 1766 1525 1821 stans
1570 1757 1635 1820 in
1685 1777 1917 1822 scaena
1962 1756 2171 1844 potuit
2217 1756 2524 1843 conspici,
2576 1755 2633 1820 si

616 1862 876 1949 quidem
934 1863 1145 1950 paries
1208 1862 1472 1950 quidam
1531 1861 1786 1927 ductilis
1850 1863 2207 1929 subtractus
2268 1871 2384 1943 est,
2445 1862 2636 1948 cujus

614 1969 879 2058 parietis
926 1991 1113 2034 usum
1159 1968 1226 2034 in
1273 1967 1480 2053 Ajace
1526 1966 1890 2055 Sophocleo
1925 1965 2208 2033 secundo
2256 1977 2402 2033 actu
2452 1976 2516 2031 et
2560 1968 2636 2033 in

615 2073 1083 2141 Eumenidibus
1132 2074 1285 2138 satis
1340 2073 1792 2161 cognoscimus
1856 2096 1934 2136 ex
1981 2072 2450 2140 Schoenbornii
2507 2074 2636 2138 hac

619 2181 700 2247 de
747 2202 817 2247 re
866 2179 1284 2269 argumentis,
1312 2177 1374 2267 ⁸)
1423 2178 1674 2246 etiamsi
1718 2179 2106 2245 vocabulum
2156 2168 2444 2263 ,,ἥκω,“
2496 2202 2633 2268 quo

616 2289 683 2353 in
728 2286 1197 2353 Eumenidibus
1248 2284 1514 2352 Orestes
1565 2297 1628 2351 et
1673 2286 1740 2349 in
1784 2294 2005 2351 nostra
2049 2286 2383 2372 tragoedia
2430 2284 2638 2351 utitur

617 2393 759 2475 Bia,
806 2414 939 2457 non
986 2391 1149 2457 tanti
1198 2392 1501 2479 ponderis
1545 2378 1801 2473 faciam,
1851 2391 2075 2478 quanti
2128 2391 2284 2457 fecit
2340 2390 2633 2457 Schoen-
2676 2452 2679 2455 ,

617 2498 916 2581 bornius3
948 2521 1098 2563 nam
1131 2497 1320 2562 etiam
1353 2485 1609 2582 ,,ἧκω“
1644 2498 1698 2561 is
1730 2498 1901 2562 solus
1936 2496 2111 2579 dicit,
2145 2497 2255 2584 qui
2288 2496 2634 2581 ,,βε’βηκεν.“

744 2604 1131 2691 Priusquam
1202 2605 1281 2670 de
1356 2603 1805 2670 distributione
1878 2625 2302 2689 personarum
2360 2625 2635 2690 pergam

618 2710 920 2788 scribere,
966 2720 1327 2799 propterea,
1379 2732 1506 2797 quo
1559 2719 1847 2797 tempore
1895 2708 2171 2797 primum
2204 2709 2364 2775 haec
2409 2710 2635 2776 fabula

731 2872 778 2935 ¹)
817 2871 898 2923 De
936 2868 1188 2938 Aeschyli
1222 2871 1467 2923 ternione
1501 2867 1844 2922 Promethe0.
1882 2885 1935 2935 p.
1974 2867 2059 2919 30.

730 2958 779 3023 ²)
817 2957 995 3010 adnot.
1035 2956 1105 3010 ad
1142 2956 1390 3027 Aeschyl.
1429 2957 1607 3010 Prom.
1644 2956 1708 3009 V.
1747 2974 1798 3024 p.
1838 2954 1921 3008 55.
1959 2970 2073 3022 sqq.

731 3047 779 3110 ³)
818 3045 883 3098 In
920 3045 1286 3112 disputatione
1320 3060 1672 3113 personarum
1719 3044 1862 3098 inter
1908 3043 2198 3099 histriones
2246 3043 2302 3097 in
2339 3041 2635 3111 tragoediis

618 3152 694 3199 gr.
732 3125 997 3202 Marburg
1034 3132 1188 3187 1840.
1226 3150 1277 3203 p.
1318 3134 1402 3187 23.

731 3223 782 3288 ⁴)
821 3221 854 3274 1.
896 3236 940 3276 c.
977 3238 1029 3289 p.
1070 3221 1190 3275 294.

634 3368 638 3372 ,
731 3312 778 3375 ⁸)
806 3310 853 3363 ·1.
892 3324 936 3362 c.
975 3324 1027 3379 p.
1069 3308 1175 3363 519
1212 3326 1326 3377 sqq.
