2922 4454
1428 942 1589 1044 cap.
1627 944 1741 1020 ιιι.

1060 1132 1238 1235 De
1307 1130 2124 1243 histrionibus,

712 1339 788 1401 ln
848 1336 1220 1402 Promethei
1279 1337 1461 1402 initio
1526 1336 1919 1424 conspicitur
1966 1337 2162 1404 Titan
2224 1335 2364 1422 ipse
2424 1344 2608 1402 stans

581 1444 647 1508 in
695 1463 876 1529 rupe,
926 1441 1008 1506 ad
1053 1434 1246 1529 (luam
1294 1465 1447 1507 mox
1494 1442 1792 1531 affigetur
1838 1467 1876 1507 a
1908 1444 2203 1509 Vulcano
2252 1442 2466 1507 statim
2516 1443 2607 1506 ab

582 1548 766 1614 initio
812 1558 1183 1635 praesente3
1233 1549 1312 1614 ad
1360 1550 1576 1637 latera,
1606 1532 1804 1614 illius'
1823 1559 1996 1616 stant
2024 1549 2253 1621 Robur
2287 1559 2352 1612 et
2383 1546 2609 1627 Visst)

582 1652 945 1720 Promethei
996 1646 1227 1741 corpus
1274 1677 1430 1720 num
1475 1678 1723 1720 merum
1771 1654 2184 1720 simulacrum
2218 1653 2432 1736 fuerit,
2483 1654 2610 1719 sub

584 1759 758 1848 quod
805 1757 975 1824 idem
1020 1759 1285 1842 histrio,
1345 1759 1457 1849 qui
1513 1759 1722 1847 primo
1769 1760 2047 1850 Vulcani
2093 1771 2310 1846 partes
2360 1768 2608 1846 egerat,
2707 1746 2717 1755 ’

583 1875 809 1953 postea
855 1865 1112 1931 demum
1173 1865 1570 1953 subrepserit
1627 1868 1892 1953 ejusque
1954 1881 2055 1930 ex¹
2096 1888 2208 1931 ore
2269 1867 2614 1951 sequentia

583 1971 1119 2060 pronuntiaverit,
1170 1995 1408 2058 magna
1452 1971 1621 2038 inter
1664 1972 1838 2037 viros
1887 1972 2112 2037 doctos
2159 1971 2238 2037 lis
2287 1952 2402 2037 est:
2471 1968 2611 2036 Sed

586 2075 926 2143 Genellius
977 2075 1055 2143 de
1103 2077 1460 2144 simulacris
1519 2077 1587 2141 in
1631 2077 2019 2144 Prometheo
2079 2075 2380 2144 adhibitis
2426 2084 2611 2142 recte

586 2183 851 2249 adnotat
903 2182 1059 2249 hoc:
1106 2182 1644 2267 „simulacrorum
1677 2183 1740 2249 in
1777 2183 1989 2250 Attica
2033 2182 2372 2271 tragoedia
2418 2205 2612 2247 usum

585 2290 784 2356 fuisse
831 2312 1021 2355 nemo
1069 2288 1477 2377 negabit,“²)
1514 2298 1578 2354 et
1606 2290 1795 2355 facile
1829 2290 2184 2377 apparebit,
2233 2288 2610 2353 Promethei

584 2418 929 2483 personam
986 2418 1116 2461 non
1180 2396 1261 2462 ab
1321 2405 1540 2461 actore
1594 2395 1810 2482 aliquo
1858 2396 1965 2483 agi
2010 2396 2297 2483 potuisse
2357 2393 2469 2458 sed
2526 2394 2608 2459 si—

587 2501 965 2585 mulacrum,
1000 2500 1173 2588 quod
1203 2500 1577 2566 Promethei
1610 2503 1887 2588 speciem
1922 2501 2209 2583 haberet,
2244 2500 2309 2565 in
2342 2499 2609 2586 rupibus

590 2607 1005 2673 constitutum
1051 2607 1271 2688 fuisse,
1321 2607 1372 2672 si
1423 2630 1646 2682 causas
1695 2623 1851 2695 quas
1895 2590 2090 2671 ‘affert
2136 2604 2405 2672 Godofr.
2440 2605 2608 2668 Her·
2701 2632 2710 2638 ·

587 2737 859 2779 mannus
908 2723 1150 2779 attente
1196 2711 1816 2801 perspexerimus.³)

721 2819 1009 2884 Primum
1052 2819 1220 2884 enim
1265 2819 1456 2883 homo
1504 2818 1773 2905 pedibus
1826 2818 2121 2882 manibus
2169 2817 2475 2882 lateribus
2524 2815 2606 2881 ad

590 2947 748 2989 saxa
795 2908 1093 3010 alligatus
1141 2924 1464 3011 quomodo
1511 2946 1642 2989 non
1690 2925 1893 2989 solum
1940 2923 2243 2987 immotus
2290 2915 2459 2988 st'are
2488 2944 2607 3008 per
2677 2951 2684 2958 ·

709 3158 751 3219 ¹)
792 3153 860 3206 cf.
901 3152 1059 3207 Fred.
1100 3153 1388 3209 Wieseler:
1427 3153 1724 3224 disputatio
1761 3153 1827 3207 de
1854 3151 2248 3218 difficilioribus
2285 3150 2606 3220 quibusdam

593 3240 838 3295 Pollucis
875 3239 1207 3308 aliorumque
1244 3242 1569 3310 scriptorum
1604 3248 1847 3298 veterum
1883 3240 2016 3296 locis
2052 3240 2123 3294 ad
2157 3254 2269 3293 rem
2306 3239 2606 3294 scaenicam

591 3328 986 3398 spectantibus.
1059 3328 1350 3396 Gottingae
1390 3329 1530 3383 1866
1567 3345 1619 3398 p.
1660 3329 1711 3383 5.

703 3419 752 3482 ²)
791 3415 1087 3482 Genellius,
1135 3417 1169 3470 l.
1215 3432 1257 3469 c.
1305 3434 1355 3484 p.
1396 3416 1527 3470 103:
1596 3418 1709 3471 Der
1763 3413 2048 3470 Gebrauch
2102 3413 2199 3467 der
2251 3414 2478 3483 Puppen
2532 3413 2607 3467 ist

594 3503 801 3559 iiberall
838 3502 935 3557 der
970 3504 1238 3558 attischen
1276 3503 1547 3571 Tragodie
1583 3503 1735 3558 nicht
1770 3503 2160 3570 abzuleugnen.

702 3594 755 3658 ⁸)
793 3591 1185 3658 Adnotationes
1221 3592 1291 3646 ad
1326 3591 1705 3646 Prometheum
1743 3592 1902 3645 Vinct
1936 3607 1989 3660 p.
2028 3589 2114 3643 55.
