2922 4454
1126 341 1574 406 ...11-

348 524 455 583 tur
486 524 556 580 ut
587 515 670 581 sit
698 515 746 581 J
749 537 788 582 o
820 537 934 602 per
964 523 1213 602 portam
1261 516 1508 582 intrans
1540 516 1603 581 in
1638 515 2055 583 orchestram.
2129 514 2367 596 Audio,

348 622 461 688 sed
524 621 924 707 gravissimis
981 620 1338 687 rationibus
1388 624 1529 709 jam
1594 620 2059 688 demonstravit
2115 620 2368 688 Wiese.

348 728 551 807 lerus,
581 731 640 804 ¹)
690 726 854 791 hane
903 727 1219 813 picturam
1275 725 1355 790 ad
1402 726 1718 792 theatrum
1764 728 1940 793 nullo
1989 726 2181 792 modo
2228 748 2370 792 esse

349 830 775 899 referendam.

483 936 822 1017 Quomodo
870 947 1082 1004 autem
1129 959 1245 1025 per
1291 936 1418 1002 loci
1467 947 1532 1002 et
1579 937 1856 1005 aedificii
1901 948 2197 1005 naturam
2230 937 2369 1004 fieri

350 1044 670 1131 potuerit,
740 1053 811 1107 ut
878 1043 1068 1129 hujus
1126 1041 1501 1131 tragoediae
1560 1053 1626 1108 et
1682 1053 1935 1110 actores
2010 1052 2077 1109 et
2140 1044 2370 1108 chorus

306 1134 321 1145 ‘
350 1131 658 1198 sublimes
705 1141 1121 1220 apparerent,
1186 1133 1240 1197 si
1289 1134 1690 1220 quaerimus,
1751 1130 2280 1199 Schoenbornius
2305 1130 2369 1218 ²)

352 1236 612 1326 quidem
680 1238 943 1303 minime
1014 1237 1296 1320 dubitat,
1375 1238 1532 1324 quin
1610 1247 1898 1303 veterum
1969 1237 2368 1305 Graecorum

350 1367 588 1410 scaena
631 1344 725 1409 ita
771 1344 966 1410 fuerit
1013 1346 1378 1426 constituta,
1427 1352 1500 1408 ut
1547 1343 1806 1410 fabulae
1839 1344 2146 1410 sublimes
2178 1366 2372 1431 supra

353 1449 671 1537 pulpitum
719 1459 1084 1536 agerentur.
1178 1447 1562 1538 Superiores
1618 1449 1788 1514 enim
1837 1472 2111 1516 scaenae
2156 1459 2374 1536 partes

352 1556 639 1643 porticus
699 1556 1035 1622 continuas
1093 1554 1424 1622 habebant
1483 1565 1548 1620 et
1605 1554 1838 1620 chorus
1895 1563 1962 1620 et
2007 1564 2258 1625 actores
2303 1554 2372 1620 in

353 1683 463 1727 eas
508 1660 768 1749 prodire
817 1670 1185 1749 potuerunt,
1235 1684 1402 1748 quae
1447 1662 1732 1749 porticus
1779 1661 1893 1743 ibi,
1944 1661 2195 1727 etiamsi
2240 1683 2373 1728 non

355 1789 610 1854 semper
652 1767 944 1849 fuerunt,
992 1778 1209 1832 tamen
1256 1767 1494 1832 tabulis
1537 1767 1657 1832 vel'
1693 1767 1985 1834 trabibus
2030 1766 2260 1854 positis
2305 1766 2375 1832 in

351 1871 604 1958 pluteo,
666 1873 849 1959 cujus
908 1881 1081 1937 certe
1139 1871 1206 1936 in
1254 1871 1642 1958 quibusdam
1687 1871 1956 1937 theatris
2004 1880 2230 1938 extant
2270 1894 2374 1938 re-

350 1976 591 2064 liquiae
606 2025 622 2056 ,
683 1976 989 2043 facillime
1048 1976 1218 2042 effiei
1276 1985 1642 2064 potuerunt.
1668 1977 1731 2063 ³)
1824 1977 1914 2043 Et
1982 1999 2371 2064 quamquam

350 2081 644 2149 Lohdius
660 2131 679 2164 ‚
705 2090 768 2160 ⁴)
830 2081 1113 2148 Texiero
1162 2082 1532 2168 auctorest)
1590 2083 2020 2151 fenestrarum
2067 2092 2374 2172 antepag-

351 2199 572 2255 menta
629 2211 770 2256 esse
829 2189 970 2255 vult
1027 2211 1104 2255 ea
1165 2209 1330 2277 quae
1389 2188 1609 2277 plutea
1656 2189 1793 2256 sive
1838 2188 2178 2257 maeniana
2227 2187 2371 2255 dieo

352 2294 551 2361 fuisse
621 2294 975 2361 seeundum
1034 2296 1435 2375 Vitruvium,
1461 2293 1518 2377 6)
1578 2305 1798 2361 tamen
1858 2296 2141 2362 rationes
2212 2318 2372 2383 quas

353 2402 547 2469 affert
611 2399 903 2466 Lohdius
987 2423 1403 2490 nequaquam
1485 2400 1641 2466 mihi
1715 2400 2017 2469 videntur
2083 2401 2372 2468 refellere

352 2503 823 2573 Schoenbornii
868 2506 949 2603 de
1004 2507 1222 2595 pluteo
1285 2508 1705 2589 sententiam,
1771 2530 1964 2595 quam
2028 2530 2112 2572 ex
2157 2507 2372 2574 oculo·

469 2807 516 2866 ¹)
556 2803 1043 2874 Theatergebaude
1096 2806 1210 2861 und
1257 2806 1593 2865 Denkmaler
1646 2806 1742 2863 des
1790 2805 2229 2864 Bulmenvesens
2285 2807 2373 2862 bei

352 2892 460 2947 den
496 2892 765 2948 Griechen
801 2894 912 2949 und
948 2895 1200 2949 Romern.
1276 2895 1567 2963 Gottingae
1607 2894 1760 2950 1851.
1798 2911 1851 2964 p.
1890 2893 1975 2949 34.

467 2983 490 3015 '
578 3018 591 3033 ι
662 3023 672 3035 ο
750 3021 764 3036 0
916 3022 926 3032 ι

467 2983 517 3134 ’ζ
554 2981 680 3124 Ινίἕε
710 2981 1178 3125 ἓοξὲἒηϋοωίωιι
1218 3069 1252 3123 1.
1294 3086 1336 3124 c.
1376 3088 1427 3139 p.
1468 3070 1553 3126 27.
1594 3086 1708 3139 sqq.

470 3160 494 3191 ⁴

473 3161 521 3311 ⁶}
556 3158 790 3300 Ῑώοζίέιῑε
811 3162 1246 3315 L,‚Description
1310 3245 1376 3300 de
1437 3245 1610 3303 l’Asie
1674 3247 1916 3302 minente
1977 3246 2087 3301 tab.
2142 3245 2262 3301 232.
2320 3252 2378 3300 et

352 3331 575 3386 Freder.
619 3331 898 3389 Wieseler.
954 3335 988 3389 l.
1028 3349 1072 3388 c.
1110 3350 1163 3403 p.
1202 3334 1253 3387 5.
1310 3335 1410 3390 No.
1455 3334 1537 3388 16.
1613 3334 1889 3403 „L'ordre
1945 3334 2227 3402 superieur
2290 3340 2376 3389 est

354 3420 613 3489 supporte
666 3435 768 3490 par
821 3422 916 3477 des
968 3422 1285 3490 piedestaux
1342 3422 1610 3489 tres-ban
1668 3422 1875 3493 chaque
1929 3423 2121 3493 couple
2172 3421 2239 3478 de
2284 3436 2372 3477 co·

354 3509 543 3562 lonnes
580 3515 736 3577 porte
774 3526 848 3564 un
885 3508 1102 3566 fronton
1137 3515 1279 3566 etc.“

469 3599 518 3661 θ)
556 3596 640 3651 De
675 3597 1043 3653 architectura
1077 3598 1142 3652 V.
1183 3597 1230 3654 7.
