2922 4454
1097 375 1182 387 .-
1273 339 1357 402 35
1450 375 1533 385 -.

443 512 835 582 ΑΙίἰ“ᾱθίυᾶθ
869 538 950 580 ex
980 514 1348 581 Aristotelis
1380 515 1550 579 dicto
1599 508 1716 596 „voi
1764 514 1868 578 τοῦ
1909 514 2095 598 χοροῦ
2125 508 2311 598 ἠλάτ-

300 625 507 684 τωσε“
551 622 1004 709 conjiciebant,
1065 645 1190 709 quo
1250 621 1456 708 magis
1518 621 1692 686 chori
1751 621 2034 687 carmina
2083 621 2313 686 cedant

299 728 561 793 fabulae
619 728 772 816 ipsi,
832 750 908 792 eo
967 749 1107 792 esse
1160 728 1560 815 tragoediam
1608 727 2026 815 posteriorem
2075 737 2139 792 et
2184 751 2310 790 ma-

299 833 629 899 turiorem.
722 835 812 901 At
879 833 1000 898 hoc
1068 856 1197 899 non
1255 834 1344 898 ita
1401 834 1782 899 Aristoteles
1852 833 1930 898 de
1990 833 2310 917 Aeschylo

301 940 581 1026 scripsit,
630 950 700 1005 ut
746 963 890 1006 eum
937 940 1002 1004 in
1049 962 1286 1007 annum
1333 940 1541 1027 magis
1588 932 1705 1020 „voi
1751 939 1854 1003 τοῦ
1898 938 2087 1022 χοροῦ
2135 941 2310 1004 ἐλατ-

304 1045 536 1110 τῶσαι“
583 1047 809 1129 vellet3
857 1047 999 1134 quis
1058 1046 1227 1111 enim
1272 1047 1478 1111 nescit
1523 1045 2074 1133 Agamemnonem
2128 1046 2312 1133 plura

306 1152 488 1217 chori
535 1153 817 1220 carmina
870 1153 1106 1219 habere
1154 1160 1349 1239 qna'm
1406 1152 1888 1234 Prometheum,
1949 1175 2092 1217 cum
2139 1156 2310 1238 Aga-

304 1282 562 1324 memno
609 1259 822 1333 multis
869 1260 1050 1324 annis
1096 1269 1243 1347 post
1275 1258 1513 1345 scripta
1545 1258 1645 1338 sit,
1695 1268 1759 1323 et
1790 1257 2083 1345 equidem
2117 1281 2309 1345 quum

299 1352 593 1430 inanium
642 1368 1149 1451 conjecturarum
1206 1388 1539 1430 numerum
1601 1386 1837 1450 augere
1891 1364 2121 1446 nolim,
2177 1366 2310 1449 jam

300 1481 563 1555 transeo
609 1471 689 1538 ad
734 1472 939 1561 ipsam
986 1471 1497 1537 distributionem
1546 1493 1981 1559 personarum.

355 1644 361 1651 ,
441 1577 579 1656 Βίας
636 1588 849 1667 partes
907 1602 946 1643 a
1002 1577 1331 1659 satellitio,
1402 1577 1469 1642 id
1528 1577 1698 1665 quod
1766 1572 2142 1661 δορυφόρημα
2200 1598 2309 1640 vo·

306 1683 544 1749 cabant
590 1683 859 1764 Graeci,
917 1694 1094 1750 aetas
1154 1706 1292 1749 esse
1352 1684 1521 1748 inter
1577 1705 1799 1748 omnes
1855 1683 2108 1769 videtur
2165 1706 2310 1747 con-

302 1800 509 1874 stare3
563 1785 796 1872 Κράτος
872 1800 1082 1855 utrum
1151 1785 1715 1874 παραχορήγημαί)
1763 1787 1953 1855 fuerit
2010 1813 2090 1854 an
2137 1790 2311 1853 trita-

300 1896 590 1983 gonistes
637 1906 861 1962 contra
891 1897 972 1963 A.
1005 1896 1388 1963 Muellerum
1408 1897 1472 1980 2)
1528 1897 1609 1962 ab
1641 1896 1720 1960 iis
1751 1896 1817 1962 in
1852 1894 2318 1960 dubitationem

300 2002 524 2067 vocari
594 2012 837 2089 potest,
915 2003 1024 2090 qui
1094 2005 1228 2088 jam
1297 2002 1363 2067 in
1433 2002 1817 2068 Prometheo
1887 2024 2072 2067 usum
2143 2002 2314 2066 tertii

299 2108 631 2173 histrionis
679 2116 957 2172 statuere
1012 2109 1251 2174 volunt.
1301 2145 1389 2156 -
1437 2107 1609 2173 God.
1659 2107 2070 2173 Hermannus
2118 2108 2312 2173 etiam

303 2209 572 2298 Κράτους
630 2223 842 2303 partes
899 2212 980 2279 ad
1042 2213 1628 2302 deuteragonistam
1697 2215 1921 2298 refert,
1995 2214 2174 2302 quia,
2244 2224 2316 2281 ut

305 2322 400 2388 ait
441 2321 805 2405 Richterus,
854 2321 1481 2409 parachoregematis
1528 2321 1786 2387 omnino
1834 2321 1893 2387 ei
1937 2345 2066 2387 non
2106 2322 2317 2408 placet

307 2427 762 2513 adjumentum.
854 2427 1171 2494 Personas
1228 2438 1438 2493 autem
1499 2428 1590 2494 sic
1648 2427 1969 2493 distribuit
2023 2426 2105 2493 G.
2152 2427 2316 2492 Her-

306 2558 581 2601 mannus
628 2544 693 2599 et
738 2534 847 2621 qui
894 2553 1037 2599 eum
1085 2544 1337 2600 secutus
1384 2545 1483 2601 est
1530 2532 1897 2622 Geppertus
1918 2534 1982 2621 ³)

398 2640 453 2705 I.
500 2639 987 2727 Protagonistes
1031 2677 1120 2688 ——
1165 2639 1577 2728 Hephaestus
1624 2650 1687 2706 et
1731 2639 2173 2706 Prometheus.

360 2746 448 2813 11.
495 2744 1067 2832 Deuteragonistes
1092 2785 1177 2795 —-
1202 2747 1463 2830 Kratos,
1497 2745 1819 2827 Oceanus,
1862 2746 1910 2814 J
1913 2769 1971 2829 o,
2005 2746 2313 2831 Hermes3

425 2908 472 2971 ¹)
511 2905 798 2960 Disserunt
822 2906 888 2962 de
914 2897 1368 2978 ,,παραχορήγημα“
1395 2907 1590 2962 Pollux
1619 2907 1735 2980 (On.
1759 2907 1847 2961 IV.
1873 2907 1995 2972 110)
2025 2905 2317 2960 Schne'ider

312 2994 369 3062 (l.
410 3009 454 3048 c.
495 2993 615 3048 adn.
656 2995 782 3061 161)
820 2995 1044 3050 Richter
1090 2994 1197 3059 (die
1233 2995 1591 3065 Vertheilung
1640 2996 1736 3049 der
1785 2994 1979 3050 Rollen
2024 3002 2183 3049 unter
2232 2993 2317 3047 die

315 3081 692 3151 Schauspieler
738 3082 834 3138 der
879 3099 955 3152 gr.
1009 3084 1166 3152 Trag.
1254 3083 1436 3138 Berlin
1476 3083 1629 3139 1842.
1687 3100 1740 3153 p.
1778 3083 1863 3137 31.
1907 3083 2022 3137 108.
2079 3082 2315 3152 passim.)

316 3172 458 3224 Beer
492 3170 694 3237 (Ueber
729 3171 816 3226 die
852 3171 989 3226 Zahl
1026 3171 1122 3226 der
1158 3171 1534 3241 Schauspieler
1569 3172 1658 3226 bei
1693 3171 2097 3241 Aristophanes.
2169 3170 2317 3239 Lips.

317 3258 471 3314 1844:
528 3277 582 3327 p.
624 3259 691 3313 12
729 3263 863 3329 sqq.)
946 3259 1005 3314 C.
1041 3260 1128 3315 Fr.
1168 3260 1506 3315 Hermannus
1552 3260 1607 3327 (l.
1647 3274 1691 3312 c.
1730 3277 1782 3327 p.
1819 3260 1888 3313 22
1926 3276 2038 3329 sqq.
2076 3261 2146 3315 59
2183 3261 2317 3327 sqq.)

315 3347 726 3403 Sommerbrodt.
779 3360 854 3418 (p.
892 3348 961 3403 53
1000 3352 1135 3417 sqq.)
1185 3355 1247 3402 A.
1284 3349 1518 3403 Mueller
1566 3348 1619 3412 (l.
1662 3363 1705 3401 e.
1752 3364 1804 3417 p.
1843 3346 1991 3412 52013
2040 3355 2201 3415 atque
2252 3347 2318 3401 de

314 3452 374 3491 re
411 3437 528 3505 ipsa
563 3450 734 3505 paene
774 3451 957 3494 omnes
982 3437 1341 3503 consentiunt,
1381 3435 1708 3493 dissentiunt
1731 3441 1910 3490 autem
1934 3451 2052 3490 eum
2077 3434 2316 3490 Polluce.

426 3527 479 3588 ¹)
518 3524 557 3578 l.
595 3539 640 3580 e.
672 3540 726 3595 p.
765 3525 886 3580 518.
1721 3535 1728 3544 ·

431 3614 480 3678 ⁸)
518 3612 553 3668 l.
589 3626 637 3667 e.
674 3627 728 3682 p.
765 3611 851 3666 58.
