2922 4454
1097 351 1538 418 ...27-

303 526 636 592 collocent
687 525 754 590 in
803 525 925 591 hac
970 526 1190 592 fabula
1252 534 1316 592 et
1376 524 1741 592 Oceanides
1800 533 2090 591 extrema
2146 534 2328 612 parte

305 632 756 720 anapiesmate
779 631 1069 718 demergi
1099 632 1319 698 velint.
1374 632 1454 697 Id
1485 641 1698 698 autem
1724 639 2064 719 propterea
2088 629 2330 718 aliquid

309 738 693 803 offensionis
739 737 978 803 habere
1025 737 1180 801 mihi
1227 738 1501 822 videtur,
1554 736 1728 823 quod
1775 737 1980 824 spatio
2026 745 2157 801 tam
2202 736 2332 800 late

309 853 543 931 aperto
590 865 749 931 opus
794 844 1022 910 fuisset
1067 842 1150 909 ad
1213 842 1677 930 demergendas
1738 841 2104 931 quindecim
2165 839 2330 908 Oce·

310 948 563 1033 auidas,
577 959 648 1015 ut
670 971 1083 1035 nequaquam
1106 973 1145 1015 a
1167 958 1379 1015 terrae
1392 949 1651 1036 gurgite
1674 949 1916 1015 hauriri
1938 948 2328 1029 viderentur,

312 1053 696 1142 praesertim
744 1078 889 1119 cum
935 1054 1415 1121 meminerimus
1451 1054 1847 1121 orchestram
1896 1054 2070 1120 omni
2102 1063 2330 1120 ornatu

315 1160 626 1226 caruisse.

457 1266 605 1332 Non
653 1266 791 1332 sine
823 1265 1200 1333 difficultate
1232 1266 1459 1333 disseri
1490 1275 1703 1354 potest
1735 1266 1815 1332 de
1846 1266 2131 1332 discessu
2164 1264 2332 1332 Oce-

314 1370 579 1439 anidum
600 1420 618 1451 ,
680 1395 761 1438 ne
817 1395 948 1439 uno
1016 1372 1270 1459 quidem
1329 1373 1520 1438 versu
1591 1371 1766 1438 dicto
1828 1370 2330 1456 abscedentium,

319 1478 508 1564 cujus
541 1478 635 1544 rei
666 1479 910 1545 nullum
942 1488 1196 1575 praeter
1225 1480 1393 1546 hanc
1422 1478 1708 1544 fabulam
1740 1477 2100 1565 exemplum
2134 1487 2331 1543 extat.

462 1580 591 1649 Sed
635 1585 908 1650 fortasse
954 1583 1080 1650 hoc
1124 1585 1266 1671 ipso
1315 1583 1568 1661 silentio
1609 1583 1976 1670 Aeschylus
2022 1593 2332 1649 terrorem

317 1712 567 1775 augere
632 1689 870 1777 potuit,
933 1690 986 1756 si
1046 1686 1310 1772 chorus,
1382 1691 1680 1776 neglecto
1741 1688 2064 1755 communi
2133 1712 2331 1772 more,

318 1819 445 1884 per
512 1795 904 1862 orchestram
960 1795 1087 1861 huc
1158 1796 1310 1862 illuc
1380 1797 1517 1862 sine
1585 1796 1717 1861 ulla
1778 1795 2095 1861 cantilena
2141 1794 2332 1861 anxie

320 1901 566 1967 saltans
610 1902 716 1967 vel
760 1901 1106 1968 decurrens
1152 1901 1218 1966 in
1252 1925 1549 1968 scaenam
1581 1911 1731 1989 post
1770 1902 2048 1989 parietes
2093 1900 2333 1990 passim

319 2006 623 2090 abcessit,
674 2031 822 2073 eum
854 2006 1286 2075 ‚Prometheus
1330 2006 1469 2095 ipse
1518 2031 1663 2073 cum
1710 2030 1867 2072 saxo
1931 2008 2048 2072 sub
2095 2017 2334 2072 terram

320 2113 366 2176 i.
417 2133 472 2177 e.
519 2112 777 2200 logeum
825 2112 1292 2200 deprimeretur
1334 2112 1789 2199 anapiesmate.
1970 2118 1980 2129 “
