2922 4454
1080 334 1524 401 -29-

305 517 501 572 totam
545 507 832 573 fabulam
878 509 1159 595 potuerit
1218 509 1332 573 sed
1379 510 1571 575 etiam
1617 532 1842 576 vocem
1888 512 2203 599 integram
2255 523 2320 579 et

303 614 627 700 vigentem
689 618 1101 692 conservare,
1161 614 1423 679 difficile
1471 625 1570 680 est
1613 617 1964 685 intellectu.
2059 618 2319 685 Deinde

305 724 440 805 ipsa
485 719 733 806 species
780 718 1182 797 Promethei,
1246 721 1354 807 qui
1418 721 1529 784 vix
1577 720 1761 803 aliter
1807 744 1998 809 quam
2044 725 2321 790 maxima

302 833 478 911 parte
531 825 820 911 corporis
868 824 1075 890 nudus
1124 826 1412 914 conspici
1456 827 1687 914 potuit,
1741 828 1809 893 in
1854 852 2010 895 vero
2059 830 2319 896 homine

236 1012 241 1019 .
304 931 629 996 cothurnis
689 940 1032 1017 ceteroque
1093 942 1322 997 ornatu
1385 942 1644 997 carente
1704 933 1943 1023 exigua
1998 936 2319 1024 planeque

306 1036 570 1124 indigna
615 1037 849 1102 Titane
896 1038 1035 1102 visa
1081 1049 1250 1103 esset
1298 1039 1784 1125 spectatoribus,

702 1143 821 1208 Ille
869 1143 1146 1231 denique
1195 1165 1469 1209 cuneus:
1497 1151 1556 1222 ¹)

702 1243 1123 1335 »ἀδαμαντίνου
1171 1249 1254 1313 νῦν
1300 1243 1515 1333 σφηνός
1564 1244 1801 1336 αὗθοίὸη
1846 1247 2060 1336 γνάθον

702 1353 938 1436 στέρνων
986 1349 1252 1439 διαμπάξ
1298 1352 1632 1421 πασσάλευ’
1683 1356 2064 1444 ἐρρωμένως.“

303 1483 414 1546 per
457 1459 739 1525 medium
787 1468 1014 1546 pectus
1047 1460 1311 1534 adactus
1344 1469 1520 1526 certe
1549 1463 1763 1550 poscit
1809 1464 2315 1555 simulacrum.²)

309 1580 550 1648 Contra
579 1581 1171 1649 Sommcrbrodtius
1220 1582 1466 1657 duabus
1514 1583 1596 1649 de
1646 1585 1856 1650 causis
1906 1586 2317 1656 simulacrum

302 1687 759 1756 removendum
815 1711 955 1754 esse
1004 1698 1256 1770 censet,
1319 1710 1463 1754 cum
1514 1712 1552 1752 a
1598 1691 1992 1758 Graecorum
2052 1700 2186 1759 tum
2232 1701 2313 1764 ab

302 1793 679 1861 histrionum
725 1803 866 1860 arte
913 1794 1190 1860 alienum
1251 1817 1392 1860 esse
1452 1795 1863 1863 simulacrum
1916 1798 2315 1889 judicans.³)

304 1900 493 1980 Quod
555 1923 591 1964 a
635 1909 863 1967 natura
914 1898 1316 1965 Graecorum
1385 1900 1662 1967 alienum
1737 1903 1935 1970 fuisse
1993 1916 2178 1992 putat
2232 1909 2316 1972 si-

303 2007 674 2088 mulacrum,
770 2005 1070 2092 equidem
1166 2006 1269 2068 hic
1352 2007 1617 2073 memini
1710 2007 2046 2098 Gepperti,
2130 2012 2313 2099 qui⁴)

301 2112 539 2198 optime
599 2110 884 2177 nostram
943 2134 1085 2175 cum
1147 2109 1549 2178 Graecorum
1605 2136 1905 2181 scaenam
1966 2129 2311 2204 comparat.

413 2271 459 2335 ¹)
497 2270 677 2324 Prom.
716 2288 764 2324 v,
803 2270 887 2337 64,
926 2271 1010 2325 65.

410 2360 459 2422 ¹)
496 2358 604 2413 nisi
642 2357 781 2412 forte
819 2359 1046 2413 similem
1084 2360 1229 2429 apud
1274 2360 1524 2428 antiquos
1572 2359 1818 2416 volumus
1855 2368 2093 2417 actorum
2146 2363 2314 2419 fuisse

299 2445 498 2509 dolum,
517 2446 727 2513 qualem
742 2447 888 2516 apud
907 2454 1177 2502 nostrates
1197 2449 1409 2514 scimus,
1432 2464 1595 2517 quum
1615 2455 1842 2504 mortem
1862 2450 1967 2505 sibi
1981 2451 2317 2507 consciscant

296 2532 351 2586 in
389 2548 585 2588 scaena
621 2540 716 2588 aut
755 2535 1027 2589 trucidant
1060 2535 1240 2603 gladio
1277 2537 1419 2591 inter
1455 2550 1529 2591 se.

410 2624 459 2687 ³)
497 2623 580 2676 De
616 2622 874 2692 Aeschyli
910 2638 969 2676 re
1007 2624 1254 2679 scaenica
1287 2640 1339 2693 p.
1379 2624 1464 2678 53.
1701 2661 1716 2674 .

406 2711 455 2776 ⁴)
493 2710 596 2764 Die
651 2709 1082 2778 Altgriechische
1138 2712 1355 2765 Bucher
1406 2728 1459 2781 p.
1504 2711 1656 2765 261.:
1712 2711 1925 2778 „Unser
1979 2712 2313 2784 Schauspiel,

294 2795 523 2852 welches
577 2797 865 2866 durchweg
919 2799 1009 2852 ein
1062 2799 1412 2854 historisches
1467 2800 1553 2865 ist,
1614 2799 1795 2853 macht
1850 2813 1907 2852 es
1945 2800 2077 2868 sich,
2136 2804 2315 2857 seiner

300 2884 790 2962 eigeanichen
827 2886 1201 2955 Bestimmung
1235 2893 1463 2954 gemass,
1504 2904 1603 2941 zur
1639 2885 1900 2955 Aufgabe,
1941 2888 2027 2942 die
2064 2891 2312 2945 mensch-

295 2972 475 3026 lichen
511 2972 805 3038 Zustande‚
846 2974 934 3028 die
971 2990 1029 3029 es
1067 2975 1439 3043 wiedergeben
1476 2976 1594 3041 soll,
1632 2974 1732 3029 mit
1758 2975 2107 3043 moglichster
2130 2978 2313 3033 Treue

293 3076 363 3114 zu
402 3059 633 3129 ‹zopiren⁴
692 3061 875 3115 Daher
898 3062 1143 3117 studiren
1168 3064 1265 3116 wir
1301 3063 1389 3117 die
1417 3063 1692 3117 Trachten
1729 3062 1841 3117 und
1868 3062 2085 3129 Moden,
2125 3067 2313 3120 soweit

290 3148 388 3202 wir
412 3147 581 3201 damit
605 3147 933 3217 vordringen
958 3151 1189 3216 konnen,
1217 3151 1558 3220 vergleichen
1586 3151 1672 3205 die
1698 3150 1973 3205 Portraits
1998 3151 2312 3208 bernhmter

294 3236 540 3302 Manner,
579 3235 667 3290 die
704 3236 804 3291 auf
833 3236 929 3292 der
952 3239 1144 3293 Biihne
1172 3238 1490 3308 dargestellt
1524 3239 1739 3294 werden
1764 3238 1936 3295 sollen
1955 3240 2086 3306 ‘und
2108 3241 2312 3297 suchen

290 3322 500 3377 ubera-ll
553 3323 637 3377 bis
695 3325 779 3379 ins
815 3326 1130 3381 Einzelnste
1175 3326 1273 3380 der
1306 3323 1641 3382 Naturtreue
1698 3325 2111 3395 einzudringeng
2170 3328 2312 3384 denn

290 3426 454 3465 unser
489 3418 847 3479 sogenanntes
885 3412 1087 3468 ideales
1125 3415 1343 3469 Costum
1392 3414 1468 3468 ist
1502 3413 1794 3481 eigentlich
1828 3414 2012 3471 nichts
2051 3416 2308 3484 Anderes,

289 3499 371 3553 als
442 3498 528 3554 die
593 3500 972 3554 Abwesenheit
1038 3502 1189 3556 Alles
1253 3502 1503 3558 Costums
1571 3501 1643 3555 im
1699 3515 1933 3570 engeren
1993 3503 2155 3560 Sinne
2216 3505 2310 3562 des

290 3585 523 3641 Wortes.
573 3587 673 3642 Bei
708 3587 812 3640 den
854 3586 1124 3642 Griechen
1160 3595 1362 3645 musste
1399 3588 1517 3646 dies
1552 3587 1747 3645 andei-s
1779 3589 1950 3648 sein.“
