2922 4454
1367 323 1808 401 -2ss.-

588 495 824 564 Suidae
857 491 1017 582 »ὑπὸ
1054 492 1148 583 τὴν
1175 492 1424 582 σκηνὴνα
1455 498 1540 565 ab
1558 497 1853 563 omnibus
1879 519 2088 586 paene
2112 495 2270 561 viris
2304 494 2511 562 doctis
2539 495 2602 583 ¹)

588 627 719 670 non
752 604 948 686 „sub
984 606 1337 673 scaena“
1371 602 1484 669 sed
1522 613 1761 691 „post
1807 624 2155 668 scaenae
2185 602 2608 689 parietes“

596 719 955 777 vertuntur.

1220 867 1335 933 De
1394 867 1681 955 anapie
1703 876 1982 933 smate.

726 1008 926 1073 Putat
996 1006 1587 1074 Sommerbrodtius
1609 1007 1673 1081 2)
1755 1006 1822 1071 in
1893 1016 2180 1072 extrema
2234 1006 2612 1093 tragoediae

599 1125 780 1203 parte
830 1136 976 1179 cum
1009 1113 1224 1178 omnia
1257 1111 1546 1177 inhiante
1575 1121 1787 1178 terrae
1819 1113 2078 1199 gurgite
2125 1114 2612 1199 immergantur,

599 1219 1038 1306 anapiesmate
1072 1218 1241 1285 effici
1270 1227 1482 1284 terrae
1525 1218 1716 1283 istum
1753 1226 2016 1284 motum.
2090 1217 2287 1284 Hunc
2320 1206 2611 1304 anapies-

595 1328 782 1391 matis
851 1348 1041 1392 usum
1099 1322 1631 1403 Schoenbornius
1701 1323 1891 1389 reicit
1963 1323 2074 1410 qui
2146 1316 2362 1406 οἷιθέρα
2421 1318 2614 1407 πόντῳ

598 1429 1104 1516 ξυντεταραγμένον
1148 1457 1202 1493 κ.
1250 1456 1305 1494 τ.
1349 1431 1394 1493 ἑ.
1439 1429 1507 1493 in
1532 1452 1767 1496 scaena
1810 1439 2101 1494 veterum
2142 1430 2617 1516 repraesentari

589 1561 723 1604 non
783 1537 1065 1625 potuisse
1129 1533 1288 1600 dicit
1343 1544 1406 1600 et
1464 1544 1675 1603 terrae
1735 1543 1979 1600 motum
2042 1535 2196 1599 solis
2266 1534 2616 1601 verborum

591 1643 909 1710 coloribus
972 1641 1299 1728 depictum
1365 1663 1404 1706 a
1461 1640 1930 1729 spectatoribus
1999 1640 2181 1728 fingi.
2288 1637 2380 1704 At
2438 1649 2617 1706 certe

594 1748 846 1815 etiamsi
914 1748 982 1812 in
1044 1746 1219 1811 omni
1277 1746 1485 1812 omnis
1548 1746 1776 1813 aetatis
1832 1745 2084 1812 theatro
2155 1768 2315 1833 opus
2374 1756 2472 1811 est
2544 1757 2622 1811 ut

595 1855 798 1920 multa
829 1853 1158 1940 fingantur
1188 1861 1442 1939 praeter
1473 1874 1552 1917 ea
1583 1874 1749 1938 quae
1783 1860 2367 1939 repraesentantur,
2401 1874 2616 1937 neque

593 1985 765 2028 nunc
813 1982 1025 2047 neque
1072 1980 1356 2045 unquam
1403 1957 1719 2024 machinis
1767 1957 2087 2023 abstineat
2143 1957 2198 2022 is
2246 1957 2357 2043 qui
2400 1967 2618 2024 terrae

598 2075 843 2132 motum
889 2065 1090 2131 oculis
1139 2063 1563 2152 spectantium
1612 2062 1916 2128 exhibere
1959 2063 2120 2129 vult.

734 2172 966 2259 Itaque
1035 2169 1402 2259 Aeschylus
1466 2193 1640 2255 cum,
1691 2167 1773 2235 ad
1847 2167 2252 2234 efficiendam
2328 2168 2614 2256 speciem

597 2290 811 2346 terrae
887 2288 1097 2343 motus
1183 2277 1556 2364 anapiesma
1644 2276 1931 2353 adesset,
2024 2285 2198 2341 certe
2283 2299 2437 2342 usus
2516 2287 2617 2341 est

597 2384 1052 2474 anapiesmate.
1078 2388 1142 2461 3)
1175 2380 1342 2448 Sunt
1372 2382 1485 2473 qui
1500 2403 1641 2448 eam
1667 2381 2032 2448 machinam
2057 2380 2176 2446 sub
2204 2382 2602 2448 orchestram

712 2596 759 2660 ²)
797 2595 864 2649 A.
899 2594 1198 2652 Muellerus
1244 2601 1296 2663 (l.
1336 2613 1380 2651 c.
1425 2614 1480 2665 p.
1520 2597 1645 2665 334)
1702 2612 1877 2668 pauca
1929 2602 2141 2652 tantum
2200 2595 2382 2650 affert:
2457 2596 2616 2661 „Das

600 2683 897 2738 Bronteum
929 2683 1040 2739 will
1074 2684 1385 2739 Rothmann
1430 2686 1489 2739 in
1536 2685 1623 2740 die
1660 2685 1861 2741 hohlen
1896 2685 2108 2740 Raume
2144 2684 2238 2739 des
2274 2684 2617 2739 Unterbaues

598 2771 774 2840 legen.
848 2776 965 2826 Aus
1001 2772 1203 2827 Pollux
1238 2772 1275 2827 l.
1301 2788 1344 2827 c.
1383 2762 1477 2827 ὖπδ
1519 2763 1606 2840 τὴν
1642 2764 1816 2841 σκηνὴν
1851 2766 2058 2830 &nassau
2097 2771 2278 2826 durfte
2315 2770 2455 2826 wohl
2486 2771 2619 2825 eher

600 2875 671 2913 zu
706 2859 1031 2914 entnehmen
1067 2861 1198 2925 sein,
1236 2860 1361 2915 dass
1399 2875 1456 2915 es
1493 2861 1674 2916 hinter
1709 2862 1806 2916 der
1839 2859 2353 2915 Decorationswaud
2388 2860 2528 2928 lag.“

705 2947 949 3003 Lohdius
998 2948 1053 3015 (l.
1092 2963 1135 3001 c.
1173 2965 1225 3015 p.
1256 2949 1362 3015 18).
1435 2948 1636 3017 „Diese
1682 2947 2178 3004 Donnermaschine
2237 2947 2437 3003 befand
2485 2948 2618 3012 sich,

598 3035 699 3089 wie
746 3034 949 3090 Pollux
996 3035 1292 3102 berichtet,
1350 3035 1407 3089 in
1453 3036 1629 3091 einem
1675 3036 1927 3090 hinteren
1980 3036 2188 3090 Raume
2242 3035 2337 3091 des
2386 3037 2616 3090 Scenen·

599 3122 927 3191 gebaudesf‘
1064 3189 1068 3194 ,
2491 3113 2500 3126 ’

714 3211 861 3265 Idem
898 3212 1056 3267 affert
1091 3213 1263 3284 Pauly
1299 3214 1318 3267 l
1372 3229 1417 3268 c.
1455 3231 1508 3283 p.
1536 3213 1672 3268 1771
1715 3220 1771 3268 et
1807 3211 2132 3283 Geppertius
2168 3213 2203 3268 1.
2244 3228 2290 3266 c.
2330 3212 2449 3268 185.

713 3301 761 3362 ²)
799 3298 834 3351 1.
876 3314 920 3353 c.
957 3317 1011 3370 p.
1050 3301 1137 3357 38.

715 3387 765 3451 ³)
804 3389 1125 3443 Accuratius
1180 3389 1226 3444 si
1280 3389 1399 3458 quis
1454 3388 1522 3443 de
1574 3388 1677 3442 hac
1729 3389 1978 3442 machina
2030 3387 2304 3457 inquirere
2340 3388 2483 3454 vult,
2541 3388 2619 3441 le-

606 3473 839 3543 gendum
877 3481 977 3541 est,
1015 3475 1157 3544 quod
1195 3476 1383 3530 dicunt
1415 3475 1519 3529 hac
1555 3477 1622 3530 de
1657 3490 1716 3531 re
1753 3481 1819 3531 A.
1856 3475 2155 3530 Muellerus
2190 3492 2244 3544 p.
2271 3474 2392 3530 335.
2441 3475 2619 3530 Roth·

600 3577 776 3629 mann,
803 3579 855 3632 p.
883 3563 968 3616 16.
1020 3564 1082 3619 G.
1109 3563 1397 3618 Hermann.
1436 3580 1522 3632 op.
1549 3564 1643 3620 VI.
1678 3564 1727 3629 2,
1763 3577 1886 3634 pag.
1914 3564 2211 3620 133-139.
2262 3562 2504 3620 Lohdius
2528 3563 2622 3619 22.
