2922 4454
797 233 839 270 v
1424 260 1430 266 .

1324 326 1764 394 ...24-

541 521 814 567 scaenae
843 499 1023 565 frons
1053 501 1200 567 luce
1229 502 1571 589 repentina
1599 501 1917 570 illustrata
1962 477 2074 589 sit3
2121 526 2351 592 nempe
2382 504 2574 570 illam

542 628 817 672 scaenae
868 590 1143 672 frontefn
1203 630 1347 672 cum
1408 631 1539 673 non
1599 607 1943 674 admodum
2014 609 2211 674 fuerit
2278 610 2344 674 in
2404 610 2570 675 solis

540 712 684 779 luce
742 711 986 799 posita,
1055 713 1340 779 laternae
1410 713 1610 778 radiis
1666 714 1989 800 refulgere
2056 715 2342 802 potuisse
2402 714 2570 781 dicit
2607 762 2628 781 .

541 817 991 884 Schneiderus.
1094 816 1257 897 Quis
1316 828 1531 884 autem
1601 828 1700 884 est
1771 819 1928 908 quin
1984 842 2317 904 scaenam,
2391 842 2567 906 quae

539 923 732 990 fuerit
805 933 1081 1010 angusta
1135 923 1203 987 in
1261 922 1669 1010 longitudine
1723 935 2021 1011 porrecta
2090 926 2354 991 omnino
2423 949 2567 991 non

452 1078 467 1095 .
539 1028 839 1095 habuisse
854 1030 1125 1095 obscura
1135 1029 1278 1095 loca
1293 1029 1633 1095 concedat!
1651 1028 1914 1118 Optime
1926 1031 2125 1118 igitur
2138 1029 2476 1098 Genellius
2494 1031 2513 1071 ¹
2530 1040 2563 1110 )

508 1135 738 1200 colles
794 1135 940 1199 illos
996 1134 1248 1221 apricos
1308 1134 1641 1205 admonuit
1698 1144 1848 1202 ante
1911 1118 2074 1223 quos
2129 1137 2343 1203 medio
2419 1138 2564 1203 sole

537 1250 830 1306 veterum
876 1240 1133 1306 fabulae
1179 1241 1561 1327 agebantur.

675 1345 907 1434 Neque
978 1346 1169 1411 etiam
1229 1345 1519 1412 Lohdius
1545 1347 1609 1425 2)
1658 1346 1962 1413 abhorret
2031 1370 2070 1412 a
2141 1347 2561 1415 describendi

537 1451 715 1518 illam
738 1451 1101 1517 machinam
1128 1463 1379 1531 conatu,
1394 1452 1505 1541 qui
1519 1452 1970 1540 colophoniam
1992 1454 2210 1519 nescio
2227 1455 2558 1542 quomodo

541 1558 887 1625 cribratam
915 1558 1255 1623 fulminare
1300 1582 1416 1646 per
1448 1581 1750 1625 scaenam
1798 1559 2026 1624 suadet
2071 1570 2142 1625 ut
2175 1561 2559 1647 cogitemus,

673 1664 821 1729 Hac
860 1664 927 1728 in
972 1687 1044 1729 re
1088 1673 1222 1730 tam
1254 1666 1529 1731 obscura
1574 1664 1732 1741 nihil
1768 1673 1969 1730 restat
2000 1688 2194 1752 quam
2241 1677 2313 1731 ut
2358 1666 2562 1752 conji-

542 1770 785 1837 ciamus
823 1794 905 1835 ex
937 1769 1195 1835 nomine
1242 1779 1308 1834 et
1351 1769 1459 1835 rei·
1491 1776 1741 1836 natura.

671 1872 842 1952 Quia
889 1876 1060 1940 enim
1107 1870 1392 1960 περιακτή
1436 1875 1830 1959 nominatur,
1881 1887 2054 1942 certe
2095 1876 2391 1943 machina
2434 1878 2561 1943 fuit

540 2003 705 2068 quae
781 1980 933 2046 dum
1000 1981 1555 2069 circumagebatur
1624 1982 1788 2047 lucis
1856 1983 2070 2071 radios
2142 1993 2277 2052 tam
2347 1985 2556 2050 claros

539 2086 772 2165 emisit,
834 2095 907 2151 ut
968 2111 1007 2152 a
1052 2087 1524 2175 spectatoribus
1580 2088 2107 2175 conspicerentur
2164 2090 2301 2155 sine
2359 2089 2557 2156 dubio

384 2208 401 2215 “
505 2213 667 2265 ‚non
716 2193 915 2258 semel
962 2192 1073 2258 sed
1123 2192 1376 2281 saepius
1438 2193 1847 2260 circumacta.
1939 2193 2172 2281 Neque
2231 2217 2390 2283 opus
2436 2205 2556 2278 est,

538 2308 610 2363 ut
652 2301 795 2365 loca
828 2321 1208 2386 quaeramus
1257 2323 1405 2364 cum*
1439 2299 1837 2366 Schneidero
1884 2300 1952 2363 in
1996 2300 2248 2366 theatro
2282 2303 2557 2367 obscura
2641 2349 2644 2352 -

538 2397 604 2469 et
677 2428 717 2470 a
793 2403 944 2470 solis
1020 2404 1216 2471 radiis
1291 2414 1571 2488 remota3
1646 2406 1868 2492 fulgur
1941 2404 2009 2470 in
2075 2407 2253 2472 caelo
2325 2429 2554 2473 sereno

538 2510 989 2596 splendescens
1021 2510 1551 2577 animadvertitur
1577 2510 1827 2597 fuitque
1861 2510 1998 2576 sine
2045 2511 2238 2577 dubio
2279 2534 2555 2578 scaenae

538 2617 716 2681 frons
760 2639 892 2682 non
940 2616 1260 2682 coloribus
1289 2627 1441 2681 -tam
1488 2616 1781 2682 candidis
1827 2616 2102 2703 depicta,
2149 2627 2222 2683 ut
2265 2619 2553 2704 fulgores

538 2721 768 2787 iterum
832 2745 908 2787 ac
968 2721 1220 2809 saepuis
1295 2720 1816 2808 splendescentes
1887 2744 2018 2786 non
2075 2732 2293 2810 posset
2351 2721 2552 2787 oculis

540 2825 849 2913 distingui
895 2850 935 2892 a
981 2828 1277 2894 caeruleo
1328 2826 1494 2892 coeli
1544 2823 1809 2893 colore.¹

653 2970 700 3033 ¹)
738 2967 851 3022 Das
888 2967 1129 3023 Theater
1164 2985 1234 3023 zu
1273 2967 1469 3034 Athen,
1508 2984 1556 3021 v.
1594 2967 1746 3021 Hans
1784 2966 2060 3021 Christian
2085 2967 2310 3021 Genelli.
2366 2966 2555 3021 Berlin

503 3125 507 3129 ,
538 3073 590 3111 u.
628 3056 816 3126 Leipz.
854 3057 1011 3111 1818.
1048 3074 1100 3125 p.
1141 3056 1224 3111 79.
1286 3055 1478 3122 „Noch
1514 3055 1748 3123 weniger
1781 3055 1986 3109 konnte
2023 3070 2081 3109 es
2112 3056 2268 3124 jener
2304 3056 2554 3109 Scenerie

538 3143 818 3210 einfallen‚
870 3145 956 3199 die
993 3144 1325 3199 Finsterniss
1361 3141 1752 3207 darzustellen,
1799 3142 2000 3196 welche
2042 3141 2437 3197 nachzubilden
2475 3143 2554 3197 sie

537 3249 636 3302 gar
671 3233 831 3287 keine
867 3232 1050 3287 Mittel
1087 3233 1270 3287 besass
1292 3273 1305 3298 ,
1353 3230 1465 3285 und
1516 3231 1602 3285 die
1649 3231 1706 3284 in
1754 3229 1908 3284 ihren
1945 3231 2368 3298 Darstellungen
2403 3230 2556 3284 nicht

539 3339 609 3375 zu
656 3320 856 3375 dulden
908 3334 1152 3388 gewesen
1200 3324 1357 3374 ware.
1435 3319 1525 3373 Sie
1570 3325 1775 3374 musste
1822 3319 1933 3372 und
1976 3318 2155 3373 wollte
2203 3317 2320 3371 sich
2365 3319 2554 3370 immer

443 3417 446 3420 ’
537 3410 622 3464 ins
666 3406 981 3477 Tageslicht
1030 3408 1253 3473 stenen,
1302 3406 1506 3461 bildete
1553 3406 1815 3461 ebenfalls
1862 3406 2034 3461 lieber
2078 3406 2165 3459 die
2212 3404 2552 3473 Wirkungen

538 3496 636 3552 der
668 3495 1002 3552 Finsterniss
1036 3495 1176 3549 nach
1211 3496 1292 3551 als
1329 3494 1408 3550 sie
1445 3494 1669 3550 selbst.“

650 3585 700 3651 ⁸)
737 3583 774 3639 1.
810 3597 856 3638 c.
894 3597 949 3653 p.
988 3584 1076 3637 18.
