2922 4454
1360 342 1810 410 ...30-

584 516 844 584 Etenim
905 517 1265 606 cogitemus
1323 518 1403 585 de
1461 519 1798 609 „personis
1868 543 1980 586 seu
2049 521 2418 610 tragoediae
2488 546 2601 587 seu

472 622 480 631 '
587 624 960 690 comoediae
1019 647 1184 711 quae
1244 623 1381 690 sinc
1447 626 1644 693 dubio
1693 626 1901 712 magis
1948 649 2142 715 quam
2190 626 2601 694 simulacrum

585 751 624 792 a
656 738 879 794 natura
911 727 1309 796 Graecorum
1343 731 1767 819 spectantium
1799 731 2043 797 alienae
2073 733 2281 798 videri
2311 743 2603 820 possunt.

665 824 672 831 ’
717 836 794 899 In
841 834 1118 901 nubibus
1164 833 1621 925 Aristophanis
1680 841 2014 920 servus‚¹)
2074 840 2225 926 quia
2275 838 2490 903 oleum
2537 839 2605 904 in

584 942 914 1006 lucernam
973 940 1238 1007 fundere
1302 941 1551 1026 omisit,
1614 966 1651 1007 a
1697 941 1957 1008 domino
2003 944 2296 1032 punitur,
2355 939 2609 1009 etiamsi

586 1047 907 1129 tenebrae,
956 1038 1177 1133 utpote
1227 1046 1458 1135 quibus
1506 1048 1805 1113 lucernae
1853 1049 1995 1113 oleo
2044 1050 2318 1130 aluntur,
2367 1044 2638 1136 nequa?

587 1176 780 1242 quam
825 1160 1175 1239 potuerunt
1219 1154 1687 1240 repraesentari
1732 1153 1857 1219 nisi
1902 1177 2020 1243 per
2065 1155 2265 1219 verba
2312 1161 2608 1221 actorum

585 1259 653 1325 in
699 1258 927 1325 animis
961 1259 1406 1345 spectantium,
1455 1269 1520 1325 et
1549 1271 1829 1342 noctem,
1878 1261 1931 1327 si
1965 1283 2124 1348 opus
2156 1261 2299 1343 fuit,
2348 1261 2606 1326 simula·
2687 1296 2694 1301 ·

587 1374 719 1430 tam
766 1373 1012 1429 tantum
1061 1364 1256 1429 fuisse
1319 1374 1501 1431 motu
1560 1374 1847 1431 actorum
1903 1365 2189 1431 instabili
2246 1377 2310 1432 et
2354 1366 2608 1433 incerto

587 1469 917 1552 concedet,
967 1470 1075 1558 qui
1123 1480 1413 1537 veterum
1460 1471 1712 1537 fabulas
1760 1472 1897 1537 sole
1944 1472 2082 1558 ipso
2129 1473 2388 1538 lucente
2427 1472 2614 1538 act'as

588 1598 729 1642 esse
775 1575 1090 1641 meminit.
1186 1574 1351 1642 Cum
1412 1575 1491 1640 de
1541 1574 1944 1642 Graecorum
2002 1580 2319 1660 „natura“
2374 1577 2614 1665 agitur,

587 1704 720 1746 non
779 1681 1007 1768 procul
1067 1683 1252 1748 abest
1306 1706 1345 1748 a
1403 1674 1739 1770 proposito
1798 1682 2087 1769 picturae
2156 1685 2426 1765 mentio,
2499 1683 2619 1747 ubi

588 1796 773 1875 porta
850 1786 1110 1852 domum
1187 1797 1628 1874 repraesentat
1650 1794 1711 1864 2)
1785 1796 1849 1853 et
1919 1789 2218 1854 columna
2293 1787 2621 1874 significat

588 1894 799 1958 aulam
848 1893 1318 1980 obsaeptam,³)
1366 1894 1612 1959 Herma
1659 1894 1896 1959 exitum
1945 1894 2186 1960 indicat
2228 1894 2332 1959 vel
2368 1893 2613 1960 aditum

587 2000 911 2076 domus.⁴)
1003 1999 1194 2066 Miles
1242 1999 1562 2085 significat
1618 2000 1967 2065 exercitum
2016 2008 2368 2088 (protypon
2415 1999 2617 2087 quod-

589 2106 736 2172 dam
783 2103 1127 2172 Renndorf
1165 2115 1229 2171 et
1257 2103 1555 2172 Schoene
1598 2107 1758 2189 „das
1805 2106 2226 2173 lateranische
2268 2104 2618 2171 Museum“

588 2221 634 2277 t.
682 2214 766 2279 H.
815 2212 925 2299 fig.
972 2214 1033 2281 2.
1126 2211 1414 2299 „Apollo
1489 2213 1599 2299 qui
1670 2221 1941 2278 mortem
2014 2211 2211 2276 mittit
2291 2220 2356 2276 et
2428 2211 2620 2277 miles

590 2318 769 2384 humi
836 2318 1181 2401 cubans“,.
1219 2318 1392 2405 quod
1448 2328 1770 2406 protypon
1828 2317 2103 2397 indicat,
2174 2328 2246 2383 ut
2295 2321 2434 2403 jam·
2482 2317 2620 2383 dixi

592 2423 883 2506 militem,
932 2423 1043 2518 qui
1074 2424 1374 2490 Achaeos
1420 2432 1879 2512 repraesentat,
1929 2424 2040 2512 qui
2085 2424 2227 2491 telis
2267 2423 2619 2489 mortiferis

707 2636 754 2701 ι)
793 2652 842 2690 v.
881 2632 966 2688 55.
1006 2632 1273 2703 &epdrtwvz

808 2720 972 2775 ἔλαιον
1007 2716 1124 2791 ἡμῖν
1161 2718 1242 2774 οὔκ
1279 2720 1458 2775 ἔπεστ’
1497 2722 1542 2775 ἐν
1579 2717 1643 2789 τῷ
1681 2721 1873 2795 λύχνῳ·

897 2800 1220 2879 Στρεψιάδης.

810 2888 967 2967 ἔιμοι·
1009 2896 1062 2949 τί
1095 2889 1188 2967 γάρ
1229 2917 1312 2967 μοι
1348 2890 1431 2949 ‘niv
1467 2895 1624 2963 πότην
1660 2887 1817 2963 vinus
1855 2889 2069 2972 λύχνους
2347 2919 2378 2952 ο
2469 2904 2478 2911 ’

810 2981 1105 3053 δεῧρ’ἴθ·’ῗνα
1140 2978 1323 3059 κλᾶῃς·
2056 2977 2060 2983 ¹

898 3064 1160 3142 Θεράπωντ

998 3154 1078 3214 διὰ
1116 3159 1170 3212 τί
1201 3158 1505 3231 κλαύσομαι.

714 3250 764 3312 ¹)
804 3247 958 3302 vasis
984 3249 1199 3318 pictura
1224 3249 1368 3318 apud
1394 3248 1453 3304 O.
1481 3250 1638 3304 Jahn.
1689 3250 1952 3320 Philolog.
2003 3248 2197 3303 XXIII
2220 3266 2270 3316 p.
2297 3247 2367 3301 26
2393 3253 2518 3301 tom.
2541 3247 2616 3301 11.

712 3338 761 3402 ⁸)
800 3335 959 3390 Vasis
997 3336 1212 3404 pictura
1249 3352 1333 3405 ap.
1376 3338 1435 3391 Ο.
1464 3338 1625 3393 Jahn.
1662 3338 1697 3392 1.
1725 3354 1769 3392 c.
1810 3345 1847 3392 t.
1886 3340 1980 3393 IV.
2020 3338 2070 3390 2.
2108 3336 2251 3391 idem
2276 3334 2613 3389 Welckerus.

602 3422 725 3477 Alte
762 3423 1095 3478 Denkmaler
1132 3425 1195 3479 V.
1246 3431 1280 3478 t.
1322 3425 1520 3480 XXIV.
1559 3443 1607 3481 a.
1658 3426 1800 3481 idem
1838 3426 1997 3480 Arch.
2047 3424 2185 3478 Zeit.
2227 3423 2365 3480 1867
2414 3428 2450 3476 t.
2489 3422 2614 3479 218.

599 3528 683 3566 n0.
723 3511 762 3564 Ι.

716 3601 768 3676 ⁴>
808 3598 1086 3653 Archaeoi.
1126 3599 1262 3659 Zeit.
1305 3601 1464 3655 1867.
1502 3609 1540 3655 t.
1578 3602 1699 3658 221.
