2922 4454
1335 251 1780 317 ...14-

686 425 952 492 Etenim
998 425 1238 515 optime
1284 423 1367 492 0.
1415 420 1767 493 Muellerus
1796 429 1860 506 ¹)
1904 435 1970 492 et
2003 426 2115 513 qui
2148 448 2298 493 eum
2361 426 2583 493 laudat

557 533 765 621 Pauly
783 539 849 612 ²)
910 531 1226 618 imagines
1287 531 1615 619 ectypicas
1674 530 2100 619 (haut-relies)
2181 530 2584 598 Graecorum
2675 588 2682 591 .

559 663 705 706 cum
763 638 999 705 theatri
1056 637 1350 725 personis
1409 640 1835 721 conferentes,
1895 649 1966 703 ut
2023 637 2089 700 in
2146 637 2272 703 illis
2331 638 2584 726 ectypis

560 746 775 810 omnia
813 744 1003 810 certis
1038 742 1443 810 lineamentis
1469 743 1733 810 definita
1767 744 1896 810 sint
1924 753 1996 809 ut
2028 743 2230 810 altera
2264 742 2346 807 ab
2381 742 2585 808 altera

558 851 765 937 figura
812 849 1055 931 obdita,
1103 849 1197 915 sic
1244 849 1313 915 in
1358 847 1608 914 theatro
1670 871 1931 936 quoque
1992 849 2187 916 aliam
2242 871 2584 936 personam

564 970 762 1044 prope
821 955 1014 1023 aliam
1085 965 1151 1022 et
1217 954 1562 1021 incessisse
1621 965 1689 1021 et
1748 954 2111 1021 constitisse
2169 961 2582 1022 monuerunt.

693 1060 1062 1128 Oceanides
1109 1062 1174 1126 in
1214 1085 1410 1150 rupes
1441 1083 1644 1148 prope
1674 1060 2136 1127 Prometheum
2168 1060 2583 1127 descendisse

561 1167 782 1254 ibique
814 1167 1128 1234 mansisse
1159 1190 1276 1255 per
1307 1175 1510 1233 totam
1556 1168 1842 1233 fabulam
1887 1167 1987 1231 his
2021 1167 2156 1232 fere
2188 1166 2583 1252 argumentis

558 1277 837 1360 probare
884 1273 1165 1362 potuerit
1196 1272 1549 1361 quispiam:
1594 1271 1845 1339 Chorus
1904 1273 1958 1337 si
2004 1272 2069 1336 in
2119 1258 2330 1360 logeo⁰
2358 1281 2470 1338 aut
2514 1273 2583 1336 in

435 1367 443 1373 ²
561 1378 887 1446 orchestra
931 1378 1177 1462 fuisset,
1245 1379 1472 1464 majori
1531 1378 1738 1466 spatio
1798 1402 1838 1445 a
1885 1378 2115 1445 ceteris
2161 1376 2581 1444 histrionibus

561 1493 844 1551 semotus
891 1494 1060 1550 esset
1113 1507 1323 1571 neque
1368 1484 1515 1550 fieri
1570 1484 1905 1572 potuisset,
1965 1494 2038 1551 ut
2098 1484 2181 1567 ei,
2246 1483 2348 1550 ad·
2387 1505 2579 1571 quem

563 1591 1031 1657 consolandum
1076 1600 1363 1668 venerat,
1412 1613 1606 1677 quam
1664 1590 1960 1678 proxime
2007 1576 2576 1678 appropinquaret.

560 1696 713 1762 Alia
758 1719 954 1785 porro
1001 1697 1343 1762 difficultas
1393 1706 1458 1762 et
1505 1695 1737 1762 eadem
1774 1695 2164 1783 gravissima
2209 1694 2479 1777 tollitur,
2527 1694 2580 1758 si

561 1802 795 1868 chorus
860 1825 993 1868 non
1059 1803 1126 1866 in
1203 1802 1535 1868 orchestra
1604 1801 1715 1867 sed
1788 1801 2077 1868 sublimis
2151 1800 2449 1890 apparuit
2518 1809 2582 1865 et

557 1907 812 1974 mansit.
846 1959 852 1964 .
888 1907 1103 1975 Versu
1149 1908 1318 1974 enim
1370 1910 1540 1975 1061
1577 1931 1719 1994 sqq.
1767 1906 2044 1974 Hermes
2085 1907 2357 1974 chorum
2402 1905 2580 1973 abire

550 2014 737 2099 jubet
783 2022 1127 2100 antequam
1174 2037 1366 2102 rupes
1430 2038 1576 2079 cum
1595 2015 1599 2019 ’
1621 2014 2010 2081 Prometheo
2057 2022 2380 2095 corruant,
2402 2010 2466 2100 ³)
2514 2011 2579 2077 id

558 2120 731 2207 quod
776 2121 992 2185 facere
1042 2121 1273 2186 chorus
1320 2120 1638 2207 repudiat.
1664 2127 1729 2199 4)

694 2226 924 2314 Rupes
1009 2237 1222 2294 autem
1313 2251 1457 2294 cum
1545 2227 2084 2294 contremuissent
2167 2224 2579 2312 Hermesque

559 2332 771 2400 subito
850 2356 886 2397 e
965 2344 1319 2420 conspectu
1395 2333 1681 2414 abiisset,
1757 2333 2184 2400 Prometheus
2263 2331 2437 2397 solus
2510 2332 2581 2397 in

559 2461 793 2505 scaena
823 2438 1230 2525 relinquitur,
1279 2439 1430 2527 quia
1476 2439 1615 2527 ipse
1662 2441 1834 2506 solus
1880 2442 2086 2509 verba
2128 2442 2304 2510 facit.
2385 2440 2579 2509 Certe

562 2544 756 2611 etiam
804 2545 1036 2609 chorus
1083 2568 1214 2609 non
1250 2546 1389 2632 jam
1438 2544 1692 2631 aderat3
1757 2545 2040 2634 alioquin
2091 2548 2271 2616 chori
2329 2549 2575 2631 fuisset,

560 2649 810 2715 animos
853 2673 1076 2717 eorum
1109 2651 1220 2737 qui
1252 2652 1634 2739 spectabant
1680 2651 1762 2717 ad
1793 2660 2003 2719 terrae
2035 2654 2326 2741 caelique
2365 2665 2577 2720 motus

562 2755 938 2840 advertere3
985 2758 1160 2844 quod
1207 2759 1358 2844 quia
1403 2781 1537 2824 non
1581 2758 1756 2841 fecit,
1805 2779 1936 2823 non
1977 2761 2111 2846 jam
2160 2759 2398 2827 aderat.

695 2859 979 2927 Chorum
1026 2863 1199 2928 enim
1246 2873 1550 2931 extrema·
1583 2864 1958 2951 tragoediae
2005 2867 2205 2932 verba
2248 2867 2465 2933 facere
2511 2865 2579 2931 in

559 2967 858 3035 omnibus
906 2990 1072 3055 quae
1117 2978 1366 3035 restant
1395 2970 1708 3058 Aeschyli
1755 2968 1991 3036 fabulis
2032 2972 2325 3038 videmus
2367 2993 2579 3057 neque
2651 3027 2654 3028 γ

674 3164 722 3227 ²)
763 3161 974 3218 Griech.
1012 3162 1239 3217 Literat.
1278 3164 1475 3221 Gesch.
1515 3166 1586 3222 IL
1622 3183 1675 3234 p.
1714 3163 1945 3221 48-49.

671 3251 721 3315 ²)
759 3247 1356 3321 Real-Encyclopaedie
1393 3252 1491 3307 VI.
1530 3252 1581 3307 2.
1618 3269 1672 3323 p.
1711 3252 1867 3307 1765.
1908 3269 1949 3307 s.
1989 3269 2038 3306 v.
2077 3253 2366 3308 theatrum.

672 3339 722 3404 8)
761 3332 890 3391 ἀλλ’
926 3328 1006 3391 οὖν
1043 3330 1183 3410 ὑμεῖς
1218 3336 1319 3409 γάἱ
1356 3338 1658 3410 πημοσύναις
1693 3339 2059 3412 συγκάμνουσαι
2104 3346 2213 3401 ταῖς
2248 3336 2388 3395 τοῧδε
2424 3338 2481 3397 τό
2488 3361 2583 3393 πων

561 3415 686 3496 μοι-α’
722 3445 811 3477 που
847 3432 1059 3500 χωρεῖτε
1097 3429 1144 3478 ἐκ
1181 3424 1326 3479 τῶνδε
1363 3425 1497 3488 θοός
1534 3448 1576 3481 κ.
1617 3448 1661 3481 τ.
1700 3429 1739 3482 ἑ.

670 3513 721 3580 ⁴)
757 3528 805 3567 v,
845 3512 1221 3568 1067-1074.

2911 3425 2919 3492 .--.ι

2909 632 2918 657 2
2907 246 2919 629 ——ss-—ss-—Pmss
2907 210 2918 239 τ-
2901 0 2918 207 ξ-ῌῌ

2909 3545 2919 3633 ...-
