2922 4454
605 482 973 571 priusquam
1043 481 1109 549 in
1178 481 1511 569 tragoedia
1591 481 1834 547 vicerat
1904 479 2009 549 Ol.
2066 480 2170 563 77,
2246 483 2308 546 4.
2412 482 2619 549 Porro

608 588 967 675 Aeschylus
1013 611 1141 654 non
1200 589 1376 675 prius
1434 588 1678 676 recepit
1733 588 1798 652 in
1857 587 2108 652 fabulas
2163 609 2310 651 suas
2356 589 2620 654 tertium
2671 643 2676 653 .

606 705 909 777 actorem,
957 703 1297 781 antequam
1344 694 1607 780 publica
1649 693 1795 779 lege
1841 692 2166 758 institutus
2216 702 2384 776 erat3
2438 697 2619 782 atqui

608 801 670 864 in
702 800 1086 866 Prometheo
1129 810 1258 863 tres
1307 809 1559 864 actores
1607 821 1765 886 opus
1816 808 2016 882 erant,
2067 822 2222 886 ergo
2273 823 2348 866 ea
2393 801 2622 866 fabula

605 930 734 972 non
791 917 940 972 ante
997 903 1100 972 Ol.
1156 906 1258 987 77,
1314 908 1356 973 4
1418 905 1759 971 commissa
1818 912 2011 981 est.¹)
2104 905 2288 971 Haec
2360 930 2622 995 quoque

606 991 1073 1098 argumentatio
1120 1012 1497 1098 praesertim
1546 1012 1669 1076 duo
1719 1011 1976 1076 exhibet
2021 1011 2176 1075 vitia
2221 1010 2619 1099 dijudicanti.

605 1117 1029 1205 Nequaquam
1077 1121 1249 1183 enim
1296 1118 1450 1183 satis
1495 1127 1674 1205 patet
1718 1117 1784 1183 in
1830 1118 1955 1182 hoc
2000 1117 2218 1183 fabula
2262 1117 2465 1183 tribus
2512 1143 2621 1184 ac-

605 1224 850 1291 toribus
898 1218 1057 1310 opus
1104 1246 1275 1305 esse,
1333 1224 1477 1306 sed,
1526 1233 1617 1305 ut,
1665 1223 1879 1309 paullo
1926 1223 2092 1289 infra
2139 1223 2619 1308 demonstrabO,

609 1331 733 1394 duo
781 1352 1039 1415 prorsus
1086 1339 1313 1416 poetae
1361 1330 1654 1396 sufficere
1699 1338 2044 1416 potuerunt
2087 1321 2402 1411 ὑποκριταί
2407 1355 2423 1413 3
2477 1344 2623 1396 tum

606 1435 858 1501 etiamsi
927 1436 1004 1502 de
1079 1436 1266 1501 tertio
1337 1446 1555 1502 actore
1633 1457 1777 1499 cum
1846 1433 2391 1501 Sommerbrodtio
2463 1459 2618 1501 con-

604 1543 854 1607 venerit
899 1542 1064 1607 inter
1109 1542 1281 1607 viros
1330 1541 1586 1625 doctos,
1646 1551 1860 1607 tamen
1917 1565 1998 1607 ne
2053 1563 2135 1605 ex
2181 1542 2305 1606 hoc
2353 1542 2617 1628 quidem

606 1671 675 1712 re
723 1649 879 1713 certi
926 1644 1165 1753 aliq‘uid
1213 1649 1420 1714 conici
1466 1648 1687 1714 licebit
1734 1650 1812 1714 de
1857 1658 2163 1736 tempore.
2239 1647 2408 1713 Nam
2453 1671 2617 1736 quo-

606 1777 731 1841 quo
789 1764 1076 1841 tempore
1125 1752 1479 1842 Sophocles
1540 1755 1606 1819 in
1665 1754 1994 1841 tragoedia
2052 1778 2196 1820 cum
2255 1754 2454 1819 tribus
2509 1778 2618 1820 ac-

603 1860 849 1925 toribus
906 1860 1094 1940 vicit,
1165 1884 1353 1926 nemo
1410 1861 1846 1926 demonstrare
1910 1861 2177 1947 poterit,
2247 1881 2394 1925 eum
2462 1869 2618 1924 ante

605 1954 769 2031 hanc
816 1965 1153 2031 victoriam
1198 1977 1414 2032 actore
1460 1968 1648 2032 tertio
1698 1968 1955 2032 omnino
1990 1967 2370 2033 abstinuisse
2401 1989 2621 2052 neque

606 2073 978 2158 exposuisse
1027 2075 1166 2159 jam
1221 2086 1368 2138 ante
1417 2074 1521 2139 Ol.
1561 2075 1662 2155 77,
1711 2077 1775 2138 4.
1825 2078 1889 2139 in
1947 2074 2135 2139 tertio
2194 2081 2408 2137 actore
2467 2096 2619 2159 pro-

604 2178 896 2245 ducendo
945 2181 1310 2267 exemplum
1357 2180 1586 2246 ceteris
1633 2181 1838 2268 poetis
1886 2180 1964 2247 ad
2011 2177 2404 2245 imitandum.

735 2287 962 2373 Itaque
1030 2287 1302 2351 victoria
1373 2285 1474 2351 Ol.
1516 2284 1618 2367 77,
1667 2288 1732 2352 4.
1803 2311 1840 2352 a
1897 2285 2218 2374 Sophocle
2286 2294 2620 2372 reportata

605 2391 845 2456 nullam
895 2392 1152 2456 omnino
1177 2475 1185 2484 ἡ
1214 2393 1528 2458 rationem
1576 2373 1870 2458 stabilem
1916 2393 2200 2479 praebet,
2251 2414 2414 2478 quae
2464 2391 2616 2455 sub-

609 2520 747 2561 esse
796 2498 996 2584 possit
1041 2496 1572 2565 Sommerbrodtii
1619 2499 1991 2564 sententiae.

740 2602 1036 2669 Ceterum
1086 2605 1474 2671 monendum
1521 2615 1636 2685 est,
1694 2605 1862 2692 apud
1906 2602 2305 2690 Aeschylum
2350 2602 2613 2666 tertium

606 2720 886 2774 actorem
947 2710 1135 2775 statui
1193 2734 1379 2798 posse
1448 2712 1573 2777 nisi
1643 2735 1837 2799 quum
1907 2720 2035 2774 tres
2106 2718 2352 2774 actores
2424 2709 2612 2772 simul

608 2816 1068 2902 colloquantur,
1117 2817 1180 2881 id
1231 2818 1401 2904 quod
1447 2819 1514 2883 in
1560 2829 1778 2882 nostra
1825 2815 2154 2902 tragoedia
2184 2837 2314 2878 non
2343 2814 2610 2878 faciunt.

737 2921 1025 2987 Fuerunt
1083 2924 1192 3013 qui
1251 2925 1603 2990 secundum
1671 2925 1971 2989 virtutem
2033 2932 2095 2985 et
2151 2920 2610 3008 praestantiam

604 3029 1074 3113 tragoediarum
1129 3031 1318 3096 aliam
1364 3041 1510 3118 post
1554 3031 1744 3096 aliam
1777 3030 2093 3116 fingentes
2131 3027 2382 3091 doctam
2415 3025 2610 3089 etiam

544 3131 551 3139 ’
605 3134 988 3200 Prometheo
1037 3159 1220 3200 suum
1268 3138 1589 3221 quendam
1648 3138 1862 3201 locum
1920 3144 1984 3198 et
2039 3143 2285 3220 tempus
2339 3134 2609 3218 impert-

604 3239 803 3323 irent,
863 3241 973 3306 sed
1031 3264 1223 3328 quam
1281 3242 1489 3307 inanis
1537 3243 1619 3308 sit
1663 3242 1807 3307 talis
1855 3239 2355 3327 argumentatio,
2416 3259 2607 3301 nemo

606 3346 946 3432 ignorabit.

714 3596 761 3658 ¹)
804 3594 881 3650 Cf.
922 3593 1331 3650 Sommerbrodt.
1370 3594 1404 3648 l.
1444 3609 1489 3649 c,
1527 3611 1579 3664 p.
1619 3593 1706 3647 55.
1743 3594 1827 3649 56.
