2922 4454
1144 316 1545 382 ,13-

337 497 512 561 foras
556 495 623 560 in
669 493 1123 581 proscaenium
1171 501 1495 580 spectasse
1543 489 1850 557 scribunt.
1939 492 2114 557 Num
2161 492 2354 558 etiam

338 601 592 666 fabulae
625 600 715 666 ibi
747 611 927 666 actae
962 599 1109 681 sint,
1156 598 1510 686 perspicuis
1554 600 1949 683 argumentis
1980 621 2109 664 non
2143 607 2358 685 potest

341 705 770 794 comprobari.
845 705 936 771 At
966 705 1218 770 fabulas
1250 704 1341 770 ibi
1373 704 1599 769 doctas
1633 726 1772 768 esse
1805 704 1885 770 ab
1919 703 2356 780 histrionibus,

340 813 712 900 priusquam
774 811 840 876 in
886 809 1165 896 Dionysi
1224 810 1478 875 theatro
1540 820 1906 895 agerentur,
1953 808 2212 874 ‘scholio
2275 809 2355 876 ad

339 918 539 985 Arist.
657 917 906 1003 Vespas
982 918 1149 982 1109
1221 916 1685 1002 comprobante
1761 915 1914 980 satis
1999 924 2268 982 constat.
2296 922 2355 993 τ)

341 1024 561 1110 Atque
621 1024 815 1089 etiam
872 1021 1149 1107 Dionysi
1207 1020 1441 1087 theatri
1513 1042 1815 1085 scaenam
1875 1022 2102 1086 eodem
2166 1021 2355 1087 modo

342 1153 419 1195 ae
467 1129 628 1195 odea
675 1127 872 1194 fuisse
907 1136 1341 1192 constructam
1388 1126 1480 1190 ita
1510 1148 1641 1190 non
1689 1124 2031 1207 contendo,
2083 1135 2154 1191 ut
2201 1127 2359 1191 certi

340 1233 589 1329 aliquid
631 1257 712 1298 ex
761 1231 932 1299 Odei
980 1233 1341 1319 episcaenio
1392 1230 1696 1318 colligam
1745 1241 1828 1313 et,
1884 1231 2358 1297 cum-Herodis

340 1339 548 1405 Attici
596 1338 829 1404 odeum
877 1360 1045 1403 anno
1102 1339 1229 1404 160
1274 1348 1420 1426 post
1466 1335 1620 1405 Chr.
1668 1346 1894 1403 natum
1955 1346 2358 1403 exstructum

343 1446 445 1527 sit,
493 1467 803 1532 magnum
865 1444 932 1508 in
993 1444 1116 1508 hac
1174 1467 1242 1508 re
1301 1453 1696 1509 momentum
1754 1466 2016 1531 ponam,
2078 1452 2358 1509 attamen

344 1550 632 1617 attulisse
702 1573 805 1619 me
878 1548 1110 1617 similia
1170 1549 1275 1613 vel
1348 1548 1561 1636 potius
1634 1548 2010 1615 verisimilia
2083 1549 2358 1614 arbitror
2417 1536 2426 1547 ⁸

342 1678 555 1743 neque
599 1657 833 1744 inepta,
883 1678 1050 1742 quae
1096 1655 1221 1719 hoc
1281 1655 1426 1721 loco
1476 1678 1592 1742 pro
1655 1655 1846 1721 certis
1908 1679 2073 1744 quae
2130 1656 2362 1722 desunt

343 1772 727 1849 argumenta
775 1760 1217 1827 adhibeantur.

483 1866 838 1947 Quaerenti
872 1877 1109 1950 autem,
1158 1867 1504 1953 quomodo,
1552 1867 1606 1931 si
1646 1889 1763 1953 pro
1796 1867 2049 1954 porticu
2080 1867 2362 1956 quinque

349 1975 685 2040 maeniana
762 1975 830 2039 in
902 1972 1271 2062 episcaenio
1345 1973 1541 2038 fuisse
1619 1972 2102 2039 concedendum
2170 1984 2361 2057 esset,

350 2186 577 2275 spatio,
613 2185 851 2273 optime
875 2184 1224 2273 respondet
1247 2179 1805 2252 Schoenbornius:
1828 2192 1891 2264 2)
1916 2185 2362 2265 PrometheuS,

348 2291 580 2379 inquit,
605 2293 671 2357 in
696 2314 944 2358 summo
970 2290 1308 2357 maeniano
1334 2301 1451 2374 est,
1471 2291 1644 2376 quod
1668 2315 1748 2356 ex
1774 2292 1987 2358 medio
2012 2292 2362 2380 prominet3

350 2397 650 2465 Oceanus
708 2422 854 2464 cum
901 2395 1341 2464 Oceanidibus
1403 2396 1470 2460 in
1532 2418 1608 2461 eo
1676 2397 2126 2480 consederunt,
2187 2398 2361 2485 quod

349 2512 488 2569 erat
531 2504 868 2570 dexterum
916 2526 955 2569 a
1000 2502 1381 2568 Prometheo
1398 2551 1415 2583 ‚
1478 2503 1570 2567 sic
1629 2511 1701 2569 ut
1744 2502 1792 2569 J
1794 2527 1901 2569 om
1960 2513 2027 2570 et
2070 2504 2357 2571 Hermae

351 2609 631 2697 supersit
675 2610 951 2676 laevum.

480 2714 565 2783 Ei
618 2724 863 2798 autem,
922 2713 1035 2802 qui
1091 2715 1285 2779 talem
1343 2715 1711 2801 opinionem
1770 2724 2114 2804 propterea
2169 2716 2361 2783 fidem

222 2863 235 2872 ·
349 2821 668 2888 excedere
740 2820 1115 2908 opinantur,
1205 2820 1375 2907 quod
1458 2821 1803 2888 abhorreat
1870 2822 1952 2887 ab
2031 2822 2362 2889 hominum

352 2926 745 3015 elegantium
807 2949 995 2992 sensu
1011 2975 1029 3008 ,
1090 2926 1241 3013 quia
1297 2925 1712 2993 histrionibus
1760 2928 1991 2993 seriem
2039 2928 2360 3015 quandam

351 3032 776 3099 formantibus
835 3042 901 3097 et
955 3031 1084 3098 alio
1145 3055 1346 3120 prope
1407 3032 1604 3098 alium
1663 3033 1873 3121 posito
1937 3035 2107 3100 oculi
2165 3034 2360 3102 facile

352 3137 766 3205 offendantur
825 3137 1271 3227 spectantium,
1322 3137 1382 3202 ei
1422 3138 1623 3227 igitur
1666 3160 1797 3204 non
1834 3139 2362 3207 animadvertisse

350 3244 677 3326 videntur,
749 3243 957 3331 qualis
1023 3241 1219 3311 fuerit
1287 3241 1690 3311 Graecorum
1771 3245 1840 3311 in
1920 3244 2099 3311 hisce
2165 3245 2361 3312 rebus

351 3349 672 3417 sentiendi
716 3348 902 3418 ratio.

464 3491 514 3553 ι)
550 3493 617 3545 Δ.
655 3488 906 3545 Mueller.
941 3489 978 3544 1.
1018 3505 1063 3545 c.
1100 3505 1154 3561 p.
1182 3488 1303 3543 501.

460 3577 512 3644 ⁸)
548 3577 586 3633 1.
621 3591 669 3634 c.
704 3594 757 3648 p.
795 3575 918 3632 294.
