2922 4454
22 2535 29 2576 —

219 1752 243 1797 1

1033 298 1560 363 ··--37—

343 472 749 562 Hephaestus
772 474 834 560 ¹)
891 472 1449 541 vehementissime
1510 474 1588 541 de
1658 473 1810 539 artis
1871 497 2023 556 suae
2088 472 2346 539 servitio

347 590 735 667 conquestus
781 602 898 668 per
942 590 1141 646 totam
1188 580 1419 647 deinde
1454 581 1724 668 primam
1758 603 2056 646 scaenam
2088 579 2346 662 indicat,

346 698 584 774 quanto
635 711 781 753 cum
813 686 1032 753 dolore
1061 685 1109 753 J
1112 687 1252 752 ovis
1298 686 1599 753 mandata
1646 696 2031 774 exsequatur
2083 697 2148 752 et
2193 687 2349 751 mihi

348 793 607 881 quidem
652 793 891 881 optime
937 793 1188 859 videtur
1237 793 1581 859 convenire
1645 815 1792 858 cum
1837 793 1949 858 tali
1996 793 2116 860 deo
2165 820 2347 877 „avy-

344 899 621 988 ysvev‘ss)
671 899 861 987 quod,
912 899 1176 965 simulac
1223 922 1381 987 opus
1428 922 1695 964 exosum
1742 900 1993 988 peregit
2037 909 2105 964 et
2150 898 2348 978 ,,στει’-
2419 972 2424 975 Δ

342 1031 555 1091 χωμεν,
603 998 674 1082 ὥς
732 999 995 1071 κώλοισιν
1054 998 1450 1092 ἇμφίβληστρ’
1513 1002 1672 1089 ἔχειις
1695 1005 1759 1093 ³)
1808 1005 1984 1087 dixit,
2039 1007 2370 1091 festinans

346 1113 427 1177 ab
473 1120 738 1200 aspectu
785 1111 1196 1179 acerbissimo
1244 1112 1376 1179 abit
1422 1133 1632 1199 neque
1679 1123 2135 1197 commoratur,
2198 1112 2347 1180 dum

344 1217 573 1284 Robur
618 1218 1023 1284 contumeliis
1078 1241 1333 1307 quoque
1390 1219 1520 1311 illis
1567 1217 2003 1286 immansuetis
2050 1220 2348 1293 Titanem

345 1325 670 1407 vulneret3
717 1324 998 1413 itemque
1043 1326 1199 1390 mihi
1245 1325 1498 1391 videtur
1551 1348 1693 1389 cum
1739 1324 2018 1391 Roboris
2066 1326 2349 1392 moribus

348 1440 846 1497 consentaneum
915 1454 1087 1515 esse,
1166 1432 1336 1519 quod
1405 1454 1647 1496 moram
1716 1432 1872 1497 facit
1938 1432 2216 1499 abeundi
2262 1445 2350 1529 ‚et

347 1537 811 1626 aliquantulum
862 1538 931 1603 in
963 1537 1104 1625 ipsa
1132 1536 1564 1603 retardatione
1595 1539 1986 1626 voluptatem
2019 1549 2345 1626 prorogat,
2401 1551 2408 1558 '

350 1668 541 1732 quam
590 1643 760 1729 capit
808 1667 889 1710 ex
935 1643 1046 1709 illo
1094 1656 1354 1731 aspectu
1394 1644 1880 1732 jucundissima

463 1854 513 1920 ¹)
548 1870 595 1906 v.
639 1850 705 1905 14
741 1870 852 1924 sqq.

461 1927 510 1990 2)
547 1941 596 1978 v.
637 1924 719 1976 14.

462 2013 510 2077 ³)
547 2029 596 2066 v.
634 2013 718 2068 81.
