2922 4454
1203 345 1293 395 :z
1381 311 1468 379 23
1563 342 1649 357 -

730 512 791 554 v.
847 487 1023 555 1084

730 588 829 658 και
887 588 995 679 μὴν
1053 587 1198 676 ἔργῳ
1259 585 1416 656 κ’ὂυκ
1475 618 1555 655 ετι
1601 585 1777 677 pufi‘tp

728 693 900 784 χθων
947 692 1316 764 σεσάλευται·
1363 695 1586 780 βρυχία
1632 690 1723 760 δ”
1690 722 1825 782 ηχω

732 830 1152 890 παραμυκαται
1202 804 1455 889 βροντῆς,
1504 798 1760 881 ἕλικεςδ

737 907 1097 998 ἐκλάμπουσι
1145 908 1430 997 στεροπῆς
1489 904 1771 993 ζάπυροι,

731 1013 1018 1104 στρόμβοι
1076 1016 1138 1081 δὲ
1195 1010 1341 1081 κόνιν
1402 1012 1741 1081 εἱλίσσουσι·

731 1121 943 1208 σκιρτᾷ
1002 1116 1276 1207 δὀἷνέμων
1322 1116 1617 1208 πνεύματα
1679 1115 1905 1186 πάντων

733 1229 804 1307 εἷς
874 1218 1110 1312 ἄλληλα
1181 1222 1389 1290 στοίσιν
1450 1221 1738 1291 οἶντίπνουν

735 1327 1200 1418 ἀποδεικνύμενα·
1271 1327 1721 1414 ξυντετάρακται
1767 1326 1818 1396 δ’

735 1434 917 1526 οἷιὲὴρ
965 1434 1180 1523 πόντῳ.
1231 1491 1246 1505 .
1294 1486 1310 1503 .
1363 1486 1379 1504 .

563 1549 715 1615 Duo
761 1556 1010 1612 tantum
1057 1543 1344 1610 fulminis
1401 1542 1469 1606 in
1534 1565 1767 1608 scaena
1826 1542 2096 1614 adhibiti
2154 1551 2450 1638 exempla

432 1655 628 1723 nobis
685 1660 1061 1734 occurrunt,
1120 1649 1388 1717 alterum
1451 1648 1518 1715 in
1570 1648 1693 1715 hac
1750 1651 2119 1738 tragoedia,
2177 1654 2450 1722 alterum
2492 1696 2503 1707 .

431 1763 503 1827 in
549 1758 889 1846 Sophoclis
933 1754 1169 1844 Oedip.
1206 1753 1432 1823 Colon.
1483 1757 1675 1822 1466.
1726 1755 1830 1822 De
1871 1758 2171 1826 machina
2218 1770 2450 1846 autem,

432 1889 602 1956 quae
670 1863 955 1930 fulminis
1018 1861 1300 1950 speciem
1372 1860 1777 1944 imitabatur,
1847 1886 2054 1951 paene
2125 1865 2190 1931 id
2245 1867 2453 1933 solum

430 1994 550 2060 pro
621 1979 794 2035 certo
865 1968 1185 2034 affirmare
1254 1989 1631 2053 possumus,
1703 1989 1877 2053 eam,
1950 1977 2453 2053 κεραυνοσκοπέιον

438 2075 857 2157 nominatam,
903 2074 1101 2140 fuisse
1132 2074 1200 2139 in
1232 2072 1549 2159 superiori
1581 2073 1860 2160 quodam
1906 2076 2050 2142 loco
2081 2076 2451 2144 adhibitam.

435 2181 703 2249 Etenim
777 2178 1161 2268 descriptio,
1236 2200 1402 2265 quae
1463 2178 1601 2244 sola
1659 2188 1835 2246 extat
1894 2182 2061 2270 apud
2121 2181 2454 2249 Pollucem

442 2287 580 2367 (On
604 2287 721 2353 IV.
757 2286 913 2372 130)
939 2292 999 2363 ¹)
1032 2306 1440 2371 nequaquam
1467 2294 1565 2350 est
1590 2284 1893 2353 dilucida.
1925 2286 2363 2356 Schneiderus
2388 2289 2452 2376 ²)

435 2417 701 2483 parvam
760 2392 826 2457 in
883 2389 1183 2456 machina
1233 2390 1528 2456 'versatili
1595 2390 1908 2459 laternam
1968 2393 2329 2482 suspicatur
2385 2396 2452 2459 in

424 2501 571 2588 ‘qua
615 2498 786 2586 ignis
831 2497 923 2563 ita
968 2496 1268 2574 aleretur,
1316 2504 1388 2562 ut
1435 2496 1491 2560 si
1537 2496 1836 2565 machina
1885 2498 2453 2587 circumageretur,

553 2775 599 2839 ¹)
637 2779 1061 2842 κεραυνοσκοπεῒον
1098 2772 1148 2824 δὲ
1185 2776 1263 2825 καὶ
1302 2776 1572 2846 βροντεῒονε
1612 2765 1756 2844 τόμέν
1793 2775 1902 2827 ἔστι
1940 2774 2195 2845 περίακτος
2230 2768 2418 2846 ὖῴηλῆ.

554 2864 602 2927 ²)
640 2861 674 2914 l.
715 2877 760 2915 c,
798 2877 851 2931 p.
894 2862 1010 2915 102.
1050 2862 1149 2917 Noc
1180 2862 1302 2916 122.
1376 2863 1527 2928 ·‚'‚Das
1574 2868 1994 2931 κεραυνοσκοπιῒον
2041 2879 2152 2917 war
2197 2863 2293 2919 der
2339 2864 2454 2922 Ort.

438 2965 545 3004 von
581 2965 662 3004 wo
699 2947 796 3003 der
830 2948 975 3003 Blitz
1023 2950 1340 3019 dargestellt
1389 2949 1570 3004 wurde
1622 2949 1734 3003 und
1783 2949 2014 3005 bestand
2056 2966 2155 3007 aus
2201 2952 2353 3008 einer
2400 2952 2458 3009 in

443 3036 541 3093 der
575 3036 731 3090 Hohe
768 3037 1168 3105 angebrachten
1182 3079 1198 3104 ‚
1247 3037 1691 3093 wahrscheinlich
1738 3038 1959 3094 kleinen
1998 3039 2458 3110 laternenartigen

438 3124 889 3191 Drehmaschine‚
936 3124 993 3180 in
1043 3126 1274 3180 welcher
1310 3126 1400 3180 ein
1434 3126 1615 3180 Feuer
1649 3126 1893 3181 brannte.
1970 3125 2178 3183 Wurde
2216 3128 2302 3183 die
2336 3130 2456 3183 Ma-

441 3212 626 3267 schine
679 3211 909 3282 gedreht
922 3255 936 3280 ‚
992 3229 1052 3269 so
1111 3214 1203 3269 fiel
1258 3213 1354 3268 das
1406 3213 1572 3267 Licht
1626 3214 1785 3269 einen
1833 3213 2177 3283 Augenblick
2232 3217 2331 3271 auf
2370 3215 2457 3271 die

439 3299 648 3355 Buhne.
692 3329 758 3339 -
798 3301 882 3355 Da
927 3316 1013 3355 am
1059 3306 1206 3369 Tage
1252 3301 1488 3372 gespielt
1533 3300 1740 3366 wurde‚
1790 3317 1851 3356 so
1899 3300 2104 3357 konnte
2153 3302 2250 3358 der
2296 3303 2457 3357 blitz-

442 3387 616 3456 artige
668 3386 862 3442 Schein
907 3404 1012 3443 nur
1058 3388 1201 3442 dann
1243 3389 1502 3443 hemerkt
1545 3387 1785 3456 werden,
1844 3402 1998 3443 wenn
2045 3388 2132 3443 die
2178 3390 2459 3445 Maschine

445 3473 732 3542 moglichst
769 3476 895 3530 weit
929 3475 1067 3530 nach
1105 3476 1225 3531 dem
1249 3476 1652 3545 Hintergrunde
1679 3475 1775 3531 der
1797 3475 1987 3530 Buhne
2024 3492 2095 3532 zu
2129 3477 2461 3567 angebracht

443 3560 640 3628 παι-(18,
676 3577 758 3617 wo
793 3577 852 3618 es
888 3561 1091 3619 dunkel
1124 3565 1287 3618 war.“
