2922 4454
1132 303 1640 390 ..9-.'

461 499 552 567 Et
595 498 879 566 Hermes
926 497 1181 583 quidem
1229 497 1278 565 J
1282 498 1423 564 ovis
1476 499 1585 565 ille
1630 497 1912 565 muntius
1960 497 2039 564 ad
2083 496 2348 564 Prome·

334 605 552 673 theum
598 610 864 695 propius
910 605 1181 672 accedat
1234 618 1299 670 et
1345 605 1705 671 diverbium
1755 627 1899 669 cum
1932 603 2166 672 Titane
2198 627 2349 671 con·

334 722 508 777 serat
553 735 826 778 necesse
885 723 983 776 est
1041 734 1250 798 neque
1310 711 1520 800 potuit
1564 719 1812 776 tantum
1861 710 2136 798 spatium
2183 710 2351 776 inter

337 828 676 906 utrumque
722 819 1031 883 interesse
1045 867 1064 902 ,
1123 827 1432 904 quantum
1480 818 1527 881 ii
1571 816 1829 897 volunt,
1879 826 1989 904 qui
2032 816 2350 882 Hermam

336 924 403 988 in
449 924 642 1011 plano
691 924 1098 990 incedentem
1145 923 1407 989 faciunt.
1492 921 1685 1002 Quod
1731 921 1786 987 si
1831 921 1922 988 ita
1969 931 2101 1006 est,
2159 922 2350 988 facile

335 1028 750 1117 intellegitur,
799 1029 1143 1118 quomodo,
1194 1053 1338 1095 cum
1386 1051 1543 1095 saxa
1586 1051 1716 1095 una
1763 1051 1909 1093 cum
1953 1027 2349 1095 Prometheo

336 1144 670 1218 corruant,
731 1135 1009 1201 Hermes
1057 1135 1268 1202 subito
1317 1157 1353 1198 e
1401 1144 1751 1222 conspectu
1807 1134 2067 1201 evolare
2124 1134 2347 1222 possit.

334 1240 716 1306 Evolaverit
771 1241 941 1306 enim
1001 1264 1270 1307 necesse
1328 1248 1457 1324 est;
1523 1264 1675 1306 nam
1732 1263 1878 1307 cum
1935 1241 2004 1306 in
2060 1251 2351 1306 extrema

331 1347 701 1434 tragoediae
748 1357 929 1436 parte
975 1348 1118 1412 imis
1167 1370 1415 1414 summa
1447 1348 1716 1413 confusa
1747 1356 2107 1435 cunctaque
2138 1356 2349 1412 terrae

333 1452 591 1542 gurgite
637 1452 924 1519 inhiante
983 1454 1283 1519 immersa
1342 1454 1808 1540 conspicimus,
1866 1454 1920 1518 si
1975 1452 2045 1517 in
2100 1452 2350 1541 pulpito

330 1567 504 1624 esset
546 1559 706 1646 ipse,
761 1581 892 1625 non
925 1558 1348 1625 Prometheus
1394 1581 1640 1645 poenas
1672 1583 1710 1624 a
1739 1560 1913 1627 Jove
1945 1559 2350 1625 imminentes

330 1665 628 1731 nuntiare
696 1664 991 1732 debebat.
1096 1662 1237 1759 Sed·
1297 1663 1448 1752 quia
1516 1665 1776 1753 paululo
1846 1675 2096 1731 tantum
2173 1663 2351 1752 prius

331 1771 613 1837 abcessit
678 1794 869 1858 quam
951 1793 1104 1837 saxa
1171 1781 1616 1855 moverentur,
1687 1794 1769 1837 ex
1837 1770 2088 1858 pulpito
2157 1769 2351 1835 tacite

332 1875 602 1963 gradum
662 1878 1025 1960 concitans,
1083 1876 1389 1964 fugientis
1447 1877 1658 1964 magis
1715 1876 1938 1942 timide
1997 1899 2190 1963 quam
2249 1874 2353 1941 dei

331 1982 621 2068 graviter
664 1981 958 2048 abeuntis
1005 1983 1288 2072 speciem
1333 1984 1694 2070 praeberet.
1765 1981 2088 2049 Sublimes
2136 1993 2353 2048 autem

332 2089 401 2153 in
449 2110 608 2153 saxo
656 2087 936 2176 quodam
984 2088 1038 2153 si
1083 2099 1399 2172 versatur,
1448 2089 1700 2154 facilius
1748 2111 1785 2154 e
1819 2098 2171 2176 conspectu
2202 2110 2351 2153 evo-

332 2195 467 2261 lare
523 2203 736 2282 potest
790 2204 939 2282 post
1004 2217 1301 2261 scaenam
1373 2195 1710 2279 ductilem,
1783 2217 1979 2284 quam
2040 2193 2253 2263 med'io
2305 2217 2351 2261 e

332 2303 542 2389 logeo.

472 2405 802 2471 Prodiisse
862 2417 1073 2473 autem
1132 2417 1198 2474 et
1244 2407 1478 2472 abiisse
1528 2407 1827 2473 existimo
1872 2406 2188 2472 Hermam
2233 2430 2354 2495 per

333 2513 574 2579 scalam
623 2511 944 2599 quandam
1008 2512 1285 2601 positam
1344 2513 1515 2580 intra
1576 2513 1886 2602 parietem
1932 2511 2237 2579 ductilem
2286 2521 2354 2577 et

335 2640 610 2684 scaenae
656 2617 955 2683 frontem.
1015 2617 1207 2697 Quod
1256 2622 1309 2684 si
1354 2620 1446 2686 ita
1492 2629 1611 2702 est,
1660 2617 1817 2685 haec
1862 2640 1993 2683 una
2038 2617 2350 2707 quaestio,

335 2747 490 2790 num
539 2722 588 2789 J
591 2745 629 2787 o
676 2732 865 2811 porta
911 2724 1126 2811 aliqua
1177 2748 1290 2791 usa
1350 2725 1464 2806 sit,
1526 2724 1932 2813 relinquitur.
2027 2721 2159 2790 Sed
2208 2747 2353 2790 cum

336 2850 562 2896 omnes
622 2839 874 2896 ceterae
931 2830 1189 2897 fabulae
1250 2853 1564 2919 personae
1622 2853 1745 2918 per
1805 2851 2078 2897 scaenae
2134 2841 2353 2919 portas

334 2958 464 3001 non
513 2936 886 3023 procedant,
936 2938 1129 3002 etiam
1160 2937 1208 3004 J
1213 2959 1401 3004 onem
1433 2936 1637 3024 portis
1662 2935 1977 3003 scaenicis
2008 2958 2140 3001 non
2170 2958 2352 3002 usam

335 3063 478 3107 esse
522 3041 679 3106 mihi
728 3050 826 3107 est
871 3042 1236 3123 verisimile,
1286 3043 1399 3107 sed
1445 3065 1611 3130 quae
1658 3063 1773 3131 per
1815 3050 2022 3108 terras
2055 3051 2120 3110 et
2149 3042 2354 3108 maria

336 3157 402 3212 et
448 3145 698 3212 deserta
757 3157 822 3212 et
879 3158 1128 3213 montes
1188 3158 1458 3230 erraret,
1517 3169 1719 3237 prope
1772 3145 2228 3215 Prometheum
2285 3148 2352 3213 in

336 3274 493 3318 saxo
541 3253 916 3340 apparuisse
948 3277 1200 3321 censeo.
1271 3254 1548 3319 Etiamsi
1578 3252 1720 3341 ipsa
1751 3252 2009 3339 quidem
2043 3253 2351 3339 queritur,

337 3382 408 3425 se
465 3358 683 3425 πλανᾶν
746 3352 852 3424 nivei
909 3354 1011 3424 τοῖν
1068 3358 1358 3438 παραλίαν
1415 3354 1676 3445 ψάμμον,
1702 3362 1765 3437 ¹)
1826 3369 2000 3425 certe
2059 3358 2352 3441 παραλίαν

451 3587 499 3651 ¹)
536 3584 719 3641 Prom.
755 3585 878 3641 569.
