2922 4454
1384 321 1824 390 -36-

595 499 1068 589 protagonistes
1127 509 1370 580 autem,
1442 509 1781 587 postquam
1840 497 1906 563 in
1955 520 2186 563 scaena
2242 495 2607 583 Hephaesti

595 617 809 695 partes
857 607 1011 694 egit,
1060 608 1178 673 sub
1226 599 1425 690 σκευὴν
1474 604 1616 694 rupi
1663 604 1920 671 affixam
1968 602 2287 690 subrepsit
2332 611 2397 667 et
2439 601 2604 667 Pro-

598 712 833 779 methei
864 713 1063 778 verba
1106 735 1222 800 per
1265 721 1468 778 totam
1503 711 1731 778 deinde
1779 711 2062 777 fabulam
2104 709 2278 775 fecit.
2358 706 2611 774 Contra

596 821 761 885 hanc
817 818 1328 884 distributionem
1384 819 1509 884 duo
1567 817 1723 884 mihi
1782 827 2029 883 tantum
2085 826 2465 903 argumenta
2509 816 2609 880 vi-

597 927 827 992 dentur
882 925 1074 990 allata
1142 947 1280 989 esse
1348 923 1544 1010 digna
1602 946 1767 1011 quae
1823 924 2209 989 refellantur.
2253 920 2258 927 ’
2305 921 2612 988 Alterum

599 1040 1042 1120 argumentum
1077 1041 1175 1096 est
1205 1029 1627 1109 Lachmanni,
1685 1030 1953 1095 alterum
1986 1028 2297 1112 Richteri,
2332 1051 2612 1117 quorum
2731 1086 2740 1093 .

597 1148 865 1224 uterque
923 1137 987 1202 in
1045 1135 1428 1202 Prometheo
1497 1135 1755 1201 tertium
1823 1144 2107 1201 actorem
2175 1135 2241 1201 in
2305 1158 2614 1202 scaenam

598 1245 910 1333 prodiisse
967 1244 1121 1310 vult.
1213 1244 1300 1308 Et
1354 1242 1808 1309 Lachmannus
1867 1241 2124 1328 quidem
2183 1241 2251 1315 in
2306 1241 2429 1306 illis
2489 1263 2616 1306 sex

598 1350 892 1416 versibus
949 1345 1213 1432 Κράτους
1264 1346 1584 1435 (82-87)
1646 1372 1773 1414 non
1833 1349 1985 1415 satis
2046 1347 2351 1435 temporis
2408 1347 2616 1413 fuisse

602 1468 819 1523 censet
865 1456 1157 1522 Vulcano
1215 1456 1295 1521 ad
1342 1454 1801 1542 egrediendum
1860 1463 1924 1521 et
1967 1452 2439 1542 subrependum
2487 1454 2615 1519 sub

603 1564 1033 1630 simulacrum.
1082 1600 1166 1609 —
1213 1560 1404 1628 Certe
1449 1584 1580 1626 non
1627 1561 1717 1626 ita
1762 1561 2032 1626 multum
2075 1559 2382 1647 temporis
2427 1582 2614 1647 prae-

601 1672 803 1738 bitum
851 1692 990 1735 esse
1037 1668 1341 1750 concedo,
1390 1667 1504 1732 sed
1551 1668 1704 1732 satis
1748 1667 1830 1734 ad
1860 1667 2091 1732 decore
2123 1665 2614 1753 egrediendum,

601 1777 651 1842 si
701 1750 1197 1858 meminerimus,
1253 1775 1603 1840 mutatione
1650 1773 1923 1839 vestium
1969 1795 2097 1838 non
2132 1795 2289 1860 opus
2338 1795 2477 1838 esse
2525 1772 2616 1857 ei,

602 1906 793 1970 quem
841 1874 1014 1966 σκευὴ
1072 1890 1168 1946 est
1213 1882 1400 1968 plane
1433 1881 1924 1946 circumdatura.
1955 1918 2036 1928 ·—-
2060 1879 2288 1945 Restat
2316 1878 2619 1946 Richteri

602 1989 1010 2074 sententia.¹)
1104 1985 1610 2074 Tritagonistam
1666 1987 1772 2052 ille
1821 1986 1918 2051 vir
1962 1985 2367 2052 doctissimus
2416 1985 2621 2052 sumit

603 2095 753 2182 quia
786 2117 951 2159 ,non
1012 2093 1150 2158 sine
1218 2093 1601 2180 indignitate
1662 2093 2020 2158 Vulcanum
2090 2103 2238 2158 ante
2307 2078 2515 2156 socios
2576 2115 2618 2157 e

600 2203 787 2290 logeo
821 2201 998 2268 abire
1045 2209 1262 2267 censet
1293 2209 1357 2265 et
1386 2200 1737 2288 Aeschylo,
1785 2222 1930 2266 cum
1976 2201 2140 2266 hanc
2171 2198 2618 2266 difficultatem

602 2319 736 2373 tam
773 2309 961 2374 facile
1006 2308 1212 2374 vitare
1232 2377 1237 2384 ,
1258 2307 1589 2395 potuisset,
1638 2308 1692 2372 si
1728 2307 1955 2373 Robur
1998 2307 2258 2373 fecisset
2300 2299 2616 2389 πρόσωπον

603 2409 816 2496 κωφόν,
868 2424 1041 2480 certe
1087 2424 1218 2480 tres
1264 2424 1515 2479 actores
1563 2424 1815 2501 praesto
1863 2414 2059 2480 fuisse
2101 2413 2249 2479 inde
2280 2435 2615 2500 apparere,

604 2521 774 2608 quod
822 2520 1233 2586 nihilominus
1279 2519 1505 2585 fecerit
1547 2520 1773 2587 Robur
1817 2521 2105 2608 loquens.

738 2626 1045 2693 Libenter
1093 2627 1378 2693 concedo
1425 2628 1627 2692 multa
1657 2627 1724 2692 in
1752 2638 2092 2714 utramque
2121 2636 2367 2716 partem
2400 2625 2617 2713 dispu-

603 2735 727 2800 tari
794 2756 982 2821 posse
1051 2732 1131 2799 de
1198 2733 1319 2799 hac
1375 2756 1464 2799 re.
1568 2732 1840 2812 Qualem
1897 2744 2109 2799 autem
2174 2732 2615 2799 difficultatem

604 2841 828 2906 Robur
887 2842 1257 2928 colloquens
1317 2850 1384 2905 et
1434 2839 1843 2927 Hephaestus
1903 2850 2051 2905 ante
2106 2838 2334 2905 Robur
2389 2838 2615 2906 abiens

605 2947 930 3036 Aeschylo
977 2946 1407 3035 praebuerint,
1456 2969 1585 3012 non
1625 2946 1834 3012 video.
1909 2944 2060 3012 Jam
2106 2931 2257 3012 inde
2303 2945 2384 3012 ab
2430 2945 2614 3012 initio

720 3247 767 3313 ¹)
802 3245 838 3299 1.
878 3262 923 3300 c.
962 3265 1015 3315 p.
1053 3248 1138 3301 20.
1215 3248 1394 3312 „Aber
1442 3248 1540 3302 hat
1588 3247 1728 3301 denn
1765 3247 2109 3316 Hephaestus
2147 3247 2233 3302 die
2267 3245 2457 3302 Bflhne
2492 3259 2615 3300 ver-

605 3336 812 3402 lassen‚
869 3336 968 3390 ehe
1014 3336 1162 3390 seins
1199 3335 1499 3392 Gefahrten
1535 3336 1829 3405 abgingen,
1879 3336 1976 3391 hat
2026 3352 2086 3391 cr
2131 3336 2210 3392 sie
2260 3334 2617 3391 schicklicher

605 3423 788 3478 Weiss
827 3423 955 3477 eher
977 3424 1250 3479 verlassen
1273 3425 1527 3479 konnen?
1549 3456 1614 3463 -—
1643 3425 1914 3479 Brauchte
1939 3425 2096 3491 deun,
2135 3438 2287 3478 wenn
2312 3418 2636 3494 Aeschylus'

606 3529 709 3567 nur
745 3513 877 3566 zwei
915 3512 1292 3582 Schauspieler
1325 3512 1504 3567 haben
1540 3513 1743 3569 konnte
1781 3514 1912 3568 oder
1946 3512 2152 3580 wollte,
2203 3510 2290 3567 die
2326 3513 2483 3569 Rolle
2519 3512 2615 3567 des

609 3601 809 3656 Kratos
845 3600 1049 3656 redend
1084 3599 1392 3670 eingefuhrt
1428 3617 1498 3655 zu
1535 3601 1687 3657 sein?
