2922 4454
1323 332 1768 398 ...10-

543 501 778 593 φάμμον
824 531 959 574 non
1001 506 1263 596 propria
1295 506 1769 591 significatione
1800 509 1964 575 sumi
1996 531 2188 596 posse
2233 509 2559 576 neminem

542 613 767 700 fugiet.
875 613 1046 679 Nam
1108 636 1237 701 quo
1297 622 1590 700 tempore
1653 613 1702 680 J
1705 636 1742 678 o
1817 635 2019 701 prope
2102 614 2561 681 Prometheum

544 720 948 803 morabatur,
1012 742 1143 785 non
1195 721 1330 805 jam
1392 719 1553 783 asilo
1578 718 1639 805 ¹)
1694 727 1931 784 vexata
1982 729 2048 783 et
2094 720 2377 786 excitata
2422 720 2561 786 sine

546 823 741 889 dubio
790 834 908 892 est.
936 825 999 911 ²)
1093 823 1164 890 Si
1211 847 1368 891 vero
1416 822 1738 907 ,,οἷ”στρος“
1786 824 1855 889 in
1916 826 2051 909 ejus
2111 826 2370 911 querela
2423 850 2559 901 ¹non

543 929 803 1017 proprie
863 928 1104 997 dictum
1165 939 1293 1012 est,
1354 929 1467 995 sed
1525 940 1900 1018 repetuntur
1958 939 2204 995 tantum
2266 930 2561 996 miseriae

544 1058 703 1122 quas
742 1037 879 1120 jam
921 1057 1225 1123 perpessa
1283 1045 1412 1115 est,
1478 1058 1592 1101 cur
1643 1036 1848 1100 verba
1906 1034 2236 1117 »παραλίαν
2281 1032 2561 1122 ψάμμους

543 1162 908 1229 premamus
970 1151 1036 1205 et
1090 1141 1157 1205 in
1219 1141 1409 1208 litore
1457 1165 1604 1208 eam
1648 1143 1689 1207 i.
1739 1163 1794 1207 e.
1842 1140 1910 1204 in
1958 1134 2150 1228 plano
2197 1152 2560 1208 versantem

542 1246 853 1313 faciamus
919 1269 1049 1312 non
1118 1247 1444 1334 intellege.
1561 1244 1841 1311 Accedit
1910 1244 2081 1332 quod
2147 1246 2195 1313 J
2198 1269 2235 1311 o
2304 1270 2367 1314 V.
2432 1244 2561 1314 748

543 1351 933 1419 Prometheo
983 1352 1165 1418 dicit:

853 1460 924 1522 Τι
975 1452 1108 1542 δῆτ’
1158 1453 1282 1544 ἐμοὶ
1327 1457 1424 1543 ζῆν
1469 1457 1690 1541 κέρδος,
1737 1452 1862 1525 ἀλλ’
1913 1452 2014 1523 οὐκ
2059 1459 2110 1523 ἐν
2157 1454 2332 1542 τάχει

849 1557 1036 1648 ἔρριψ’
1086 1557 1330 1648 ἐμαυτὴν
1376 1556 1669 1648 τῆσδόἷπό
1715 1563 1972 1646 στυρλοῢ
2016 1564 2259 1647 πέτραςς

688 1670 880 1750 Quod
943 1669 1280 1736 consilium
1328 1692 1367 1733 a
1413 1692 1574 1758 rupe
1621 1691 1689 1763 se
1747 1669 2213 1757 praecipitandi
2271 1681 2407 1736 tum
2454 1671 2566 1736 de-

547 1799 722 1842 mum
779 1798 1017 1864 magno
1084 1799 1230 1842 cum
1290 1775 1720 1863 spectantium
1780 1785 2107 1841 commotu
2163 1777 2569 1864 pronuntiari
2643 1758 2651 1765 ”

547 1892 791 1970 potest,
852 1881 904 1947 si
966 1881 1015 1948 J
1018 1904 1055 1946 o
1113 1880 1179 1945 in
1241 1904 1318 1947 ea
1371 1903 1536 1967 rupe
1590 1883 1727 1966 jam
1786 1890 2083 1947 versatur
2142 1902 2354 1968 neque
2413 1881 2569 1948 eniti

546 1987 740 2054 debet
786 1988 854 2051 in
901 2008 1207 2067 acumen,
1269 1987 1647 2074 priusquam
1692 1996 1964 2052 mortem
2013 1986 2138 2052 sibi
2187 1987 2567 2053 consciscat.

547 2094 694 2178 Ego
727 2093 1190 2160 etiam‘Jonem
1238 2092 1575 2171 sublimem
1610 2092 1835 2161 eodem
1869 2092 2084 2175 modo,
2134 2115 2262 2180 quo
2295 2092 2570 2158 Hermes

549 2199 796 2287 prodit,
869 2197 1127 2283 prodire
1195 2220 1406 2286 neque
1465 2220 1582 2286 per
1641 2207 1893 2286 portam
1955 2198 2259 2266 usitatam
2328 2198 2570 2287 egredi,

551 2329 762 2394 neque
809 2306 1070 2372 omnino
1116 2314 1255 2370 tota
1311 2305 1379 2368 in
1437 2304 1658 2371 fabula
1713 2304 1914 2369 ull'um
1961 2305 2204 2372 harum
2241 2315 2573 2392 portarum

554 2436 742 2480 usum
787 2412 985 2477 fuisse
1031 2411 1328 2478 arbitror.

686 2518 778 2583 At
838 2526 1015 2583 extat
1071 2515 1245 2581 vasis
1315 2515 1572 2602 pictura
1631 2537 1670 2578 a
1714 2513 1968 2579 Millino
1990 2520 2054 2593 ³)
2111 2514 2320 2603 primo
2378 2515 2571 2599 edita,

556 2646 721 2712 quae
752 2648 790 2689 a
819 2621 1181 2704 Scrofanio‚
1204 2629 1262 2703 ⁴)
1309 2623 1629 2709 probante
1672 2619 2035 2707 Geppertio
2059 2620 2122 2708 ⁵)
2171 2620 2262 2686 ita
2308 2621 2573 2710 exponi-

670 2799 716 2864 ι)
756 2799 930 2853 Prom.
970 2797 1094 2853 564.
1138 2795 1277 2871 χρίει
1314 2817 1389 2856 τις
1425 2785 1488 2850 αὖ
1527 2816 1584 2868 με
1623 2786 1707 2849 τᾶν
1744 2795 1980 2851 τάλαιναν
2016 2792 2227 2864 οἶστρος.

667 2889 716 2953 ²)
757 2886 1189 2941 Schoenbornius
1236 2891 1299 2939 ut
1339 2884 1737 2939 demonstraret
1786 2882 1841 2950 (l.
1882 2899 1925 2938 c.
1962 2900 2014 2952 p.
2054 2883 2181 2951 292)
2230 2898 2293 2938 eo
2330 2889 2575 2953 tempore

553 2976 746 3030 Jonem
782 2973 919 3029 asilo
953 2989 1063 3028 non
1097 2978 1347 3027 vexatam
1397 2986 1532 3038 esse,
1580 2971 1773 3026 afferre
1809 2971 1991 3027 omisit
2024 2971 2182 3025 haec=
2239 2972 2325 3036 Jo,
2374 2971 2574 3026 ceteris

555 3063 789 3119 miseriis
824 3078 858 3116 a
893 3061 1217 3116 Prometheo
1253 3059 1520 3115 nuntiatis
1556 3076 1604 3114 v.
1644 3059 1930 3114 880-883
1968 3059 2232 3127 loquitur:

555 3150 734 3203 ἐλελεῦ
770 3143 865 3205 ὖπὸ
903 3139 1025 3220 μάιῖ
1065 3147 1321 3218 σψάκελοδ
1358 3168 1400 3200 κ.
1439 3168 1486 3201 τ.
1524 3149 1563 3199 ὲ.

669 3240 718 3306 ⁸)
754 3238 1043 3292 Peintures
1080 3237 1146 3291 de
1182 3251 1338 3292 vases
1363 3235 1612 3303 antiques
1646 3238 1708 3290 T.
1746 3236 1819 3290 11.
1856 3236 1929 3305 pl.
1956 3235 2070 3302 LV,
2108 3235 2252 3306 LVI,
2294 3236 2361 3291 cf.
2388 3237 2580 3289 Stuart

556 3326 693 3381 Lief.
731 3326 979 3379 XXVIII.
1018 3324 1101 3380 Bl.
1140 3324 1214 3379 Π.
1253 3323 1371 3392 Fig.
1411 3324 1460 3377 8.
1905 3317 1910 3322 ’

670 3416 721 3481 ⁴)
757 3414 1018 3468 Memoire
1054 3429 1148 3467 sur
1193 3425 1299 3468 une
1344 3426 1472 3466 vase
1521 3412 1742 3480 antique
1788 3411 1847 3465 lu
1886 3412 1919 3466 a
1953 3411 2212 3465 l'institut
2259 3399 2324 3465 de
2360 3409 2573 3464 Erance

557 3503 624 3559 de
661 3503 705 3557 1.
744 3502 976 3557 Octobre
1012 3503 1168 3556 1809.

673 3590 720 3658 ⁵)
757 3589 1083 3664 Geppertius
1118 3589 1154 3642 l.
1193 3603 1238 3642 c.
1275 3587 1594 3655 Einleitung
1626 3604 1661 3657 p
1717 3586 1899 3643 XXII.
