2922 4454
1118 338 1553 417 „33-

325 534 521 598 docta
567 530 669 614 sit,
716 526 1162 616 inquirendum
1211 525 1349 604 erit,
1398 523 1573 612 quod
1602 515 1895 586 nonnulli
1932 537 2010 580 ex
2041 523 2329 601 tempore

329 638 627 706 conicere
656 635 874 702 conati
900 644 1046 700 sunt
1066 655 1400 700 numerum
1424 629 1805 696 histrionum
1831 632 1896 687 et
1920 621 2030 688 alii
2053 621 2328 687 invicem

331 769 418 811 ex
462 765 727 809 numero
774 740 1152 806 histrionum
1210 748 1459 825 tempus
1507 759 1633 824 quo
1680 734 1956 821 primum
2016 732 2203 798 docta
2249 728 2331 792 sit

62 822 65 1011 Ι
328 851 774 918 Prometheus.
893 844 1215 932 Equidem
1311 844 1469 910 certi
1557 841 1798 931 aliquid
1886 849 2114 915 afferre
2204 861 2333 905 non

332 979 626 1046 possum;
670 979 821 1022 nam
869 951 946 1017 de
977 962 1265 1039 tempore
1309 951 1470 1017 nihil
1503 959 1754 1017 constat
1784 952 1907 1018 nisi
1942 953 2331 1038 conjectura,

60 1058 69 1213 ι
124 1108 201 1135 ...
331 1073 407 1129 ut
438 1061 685 1149 opinor,
720 1059 1005 1148 argutior
1049 1080 1237 1145 quam
1273 1056 1487 1123 verior
1523 1057 1880 1124 Hermanni
1913 1072 1975 1126 et
2011 1057 2333 1126 Sommer-

329 1166 590 1233 brodtii.
679 1164 898 1255 Atque
941 1165 1355 1231 Hermannus
1401 1163 1495 1229 sic
1536 1176 2052 1251 argumentatum
2076 1163 2136 1252 ¹)
2186 1160 2336 1247 „OL

334 1275 444 1340 75.
490 1274 532 1339 2
601 1272 758 1338 arsit
823 1272 1039 1338 Aetna
1112 1268 1461 1336 secundum
1530 1293 1812 1336 marmor
1885 1271 2010 1339 Ox.
2080 1295 2179 1358 ep.
2251 1268 2335 1333 53

332 1404 400 1445 v.
446 1381 568 1463 683
615 1387 870 1444 recente
900 1377 1107 1444 adhuc
1155 1374 1432 1441 incendii
1475 1375 1644 1442 illius
1679 1378 1986 1443 memoria
2030 1376 2335 1463 scriptum

336 1508 479 1551 esse
503 1484 961 1551 Prometheum
991 1483 1321 1565 Vinctum,
1370 1505 1645 1569 arguere
1677 1484 1931 1550 videtur
1961 1483 2334 1551 vaticinium

334 1615 413 1658 ea
457 1592 541 1658 de
586 1614 656 1657 re
699 1588 1133 1657 Promethei.“
1153 1588 1215 1675 ²)

328 1680 333 1685 Ι
466 1696 641 1764 Num
700 1705 911 1762 autem
973 1718 1053 1761 ex
1110 1695 1233 1761 isto
1290 1693 1596 1762 vaticinio
1658 1707 1899 1763 certum
1957 1698 2084 1763 tale
2152 1718 2336 1780 argu·

336 1813 620 1870 mentum
679 1803 843 1869 sumi
896 1802 1131 1891 possit,
1190 1802 1344 1867 mihi
1402 1825 1533 1868 non
1591 1803 1680 1869 ita
1737 1805 1971 1892 liquet,
2033 1804 2127 1869 uti
2172 1802 2336 1868 Her·

335 1934 595 1977 manno.
698 1911 864 1977 Nam
932 1909 1124 1975 etiam
1193 1908 1247 1975 si
1317 1907 1800 1974 concedendum
1869 1910 2020 1994 erit,
2087 1918 2341 1998 poe'tam

337 2017 593 2084 Aetnae
652 2015 1068 2082 admiratione
1139 2012 1435 2079 adactum
1494 2006 1634 2079 eise
1697 2015 1779 2080 ad
1838 2014 2003 2082 hanc
2059 2015 2340 2081 fabulam

338 2124 759 2206 scribendam,
806 2132 1022 2188 tamen
1069 2120 1227 2186 nihil
1273 2121 1351 2186 de
1398 2131 1685 2207 tempore
1731 2122 1871 2209 ipso
1918 2120 2077 2188 certi
2110 2144 2190 2186 ex
2221 2121 2341 2186 hac

338 2254 410 2298 re
481 2230 780 2299 concludi
846 2237 1078 2317 potest.
1170 2224 1241 2294 Si
1315 2227 1547 2294 Persas
1620 2230 1888 2317 septimo
1959 2253 2125 2296 anno
2197 2241 2343 2317 post

337 2337 672 2404 victoriam
707 2334 1108 2403 Graecorum
1157 2333 1378 2400 doctos
1413 2359 1552 2400 esse
1598 2346 1869 2419 constat,
1915 2358 2104 2401 nemo
2153 2335 2341 2401 certis

338 2446 731 2533 argumentis
779 2442 1218 2509 demonstrare
1263 2442 1534 2529 poterit,
1601 2452 1758 2530 quot
1812 2465 2016 2509 annos
2059 2452 2339 2529 praeter·

53 2549 63 2590 ¹
341 2551 493 2615 iisse
540 2573 699 2637 opus
747 2548 975 2632 fuerit,
1024 2558 1095 2613 ut
1139 2547 1298 2614 haec
1346 2548 1563 2614 fabula
1610 2571 1788 2615 suam
1834 2548 2100 2615 haberet
2144 2557 2341 2613 matu·

338 2656 614 2722 ritatem.
2089 2639 2094 2644 '

471 2758 697 2827 Altera
755 2760 832 2827 de
893 2773 1181 2849 tempore
1242 2764 1609 2846 conjectura
1653 2759 2186 2828 Sommerbrodtii
2243 2760 2341 2826 his

338 2868 553 2934 verbis
617 2865 741 2932 dici
801 2877 1042 2955 potest:
1137 2864 1569 2955 „Sophoclem
1628 2868 1887 2933 tertium
1950 2878 2230 2934 actorem
2277 2868 2340 2932 in

340 2997 636 3040 scaenam
690 2973 1070 3060 produxisse
1133 2983 1382 3039 constat
1444 2986 1506 3038 et
1566 2973 1701 3040 sine
1760 2975 1890 3039 ulla
1948 2973 2343 3039 dubitatione

341 3104 471 3146 non
526 3079 703 3169 prius
763 3078 1020 3166 publice
1078 3090 1342 3168 accepta
1399 3094 1495 3144 est
1549 3081 1708 3146 haec
1765 3103 1935 3146 nova
1994 3103 2095 3144 res
2151 3103 2341 3168 quam

341 3185 694 3273 Sophocles
764 3207 1074 3273 'magnam
1156 3186 1601 3252 auctoritatem
1685 3187 2141 3273 assequebatur
2195 3186 2235 3250 i.
2286 3217 2341 3259 θ.

456 3373 503 3434 ¹)
541 3371 623 3424 De
659 3371 822 3426 choro
856 3370 1137 3426 Eumenid.
1178 3385 1358 3438 opusc.
1398 3371 1467 3425 11.
1507 3389 1558 3439 p.
1601 3370 1717 3424 146.

453 3460 502 3524 2)
540 3458 905 3514 Bernhardius
960 3459 1109 3513 nulla
1160 3459 1402 3514 adhibita
1461 3474 1622 3513 causa
1676 3460 1732 3513 in
1785 3459 2011 3515 historia
2064 3459 2202 3513 liter.
2264 3475 2328 3527 gr

344 3545 457 3611 (ed.
518 3547 685 3610 1845)
746 3562 855 3601 non
907 3553 1032 3602 ante
1090 3549 1171 3602 Ol.
1230 3547 1314 3602 75.
1376 3548 1426 3602 2.
1519 3548 1894 3602 Prometheum
1954 3547 2163 3602 doctam
2225 3562 2342 3602 esse

343 3640 529 3689 conset
563 3651 616 3703 p.
655 3632 775 3688 759.

1940 3724 1974 3779 3
