2922 4454
1107 297 1553 363 ...ίῦ-

331 472 745 541 abstinuisset
812 481 1033 538 nostra
1091 494 1348 560 quoque
1419 472 1489 536 in
1556 470 1898 558 tragoedia
1956 494 1996 538 a
2054 473 2340 559 querella

331 580 585 666 aliqua,
646 578 701 644 si
758 578 1086 644 adfuisset.
1181 579 1259 642 In
1318 578 1643 643 orchestra
1707 577 1761 642 si
1817 577 2046 644 fuisset
2110 588 2220 644 aut
2275 579 2342 643 in

332 685 548 773 logeo,
596 684 802 751 tribus
848 683 1055 749 modis
1101 683 1304 749 oculis
1337 692 1768 771 spectatorum
1801 683 2014 771 potuit
2043 683 2344 756 subduci:

333 800 445 857 aut
509 789 943 878 anapiesmate
1020 789 1308 876 demergi
1364 798 1477 855 aut
1542 790 1852 875 aufugere
1922 789 2003 855 ab
2073 799 2343 877 utroque

332 898 534 962 latere
581 905 694 961 aut
738 894 1016 983 denique
1065 895 1347 962 sublimis
1394 895 1652 961 auferri.
1745 893 2106 974 Quominus
2154 918 2345 962 curru

334 1002 473 1069 sive
520 1001 647 1068 alia
691 1000 992 1067 machina
1038 1023 1230 1087 quam
1262 1000 1745 1082 conscenderet,
1791 1000 2173 1086 tranquillus
2208 1001 2346 1067 sine

332 1108 466 1173 ullo
513 1107 712 1174 verbo
759 1108 1133 1197 auferretur,
1192 1115 1363 1172 certe
1412 1106 1660 1173 obstitit
1702 1105 2194 1194 pulchritudinis
2240 1129 2346 1172 ve·

334 1214 741 1299 nustatisque
790 1235 1015 1279 sensus
1078 1223 1143 1277 et
1199 1215 1608 1299 antiquorum
1668 1222 1733 1277 et
1777 1222 1995 1277 noster
2040 1213 2344 1299 ipsorum.

467 1318 700 1405 Neque
774 1317 843 1383 in
918 1328 1157 1385 terram
1225 1318 1434 1405 potuit
1507 1317 1798 1404 demergi
1874 1318 2126 1402 chorus,
2198 1319 2349 1406 quia

335 1426 573 1493 multae
628 1432 816 1489 erant
861 1422 1224 1491 Oceanides
1279 1445 1490 1511 neque
1535 1422 1673 1489 sine
1728 1423 1860 1490 ulla
1901 1447 2065 1489 voce
2123 1425 2349 1491 melius

338 1531 505 1597 inter
538 1538 634 1596 tot
664 1553 740 1595 ac
769 1539 982 1596 tantos
1013 1540 1280 1597 naturae
1310 1540 1592 1596 terrores
1621 1529 1828 1616 potuit
1859 1529 2105 1616 egredi,
2156 1554 2348 1618 quam
2423 1526 2430 1533 ’

337 1637 392 1702 si
438 1660 587 1703 eum
632 1635 699 1701 in
744 1634 1010 1723 rupibus
1057 1645 1423 1703 manentem
1470 1657 1676 1721 usque
1724 1634 1805 1701 ad
1848 1645 2058 1702 terrae
2105 1646 2350 1703 motum

336 1741 662 1829 fingimus.
781 1741 975 1808 Tum·
1031 1751 1245 1808 autem
1320 1742 1500 1815 salva
1568 1742 1831 1808 deorum
1899 1743 2218 1830 gravitate
2288 1753 2351 1809 et

335 1846 730 1915 verecundia
789 1870 871 1912 ex
934 1847 1136 1914 oculis
1196 1847 1625 1936 spectantium
1688 1848 1928 1915 auferri
1986 1857 2350 1936 potuerunt,

338 1954 393 2019 si
451 1954 594 2019 saxi
654 1953 986 2038 cujusdam
1045 1953 1329 2040 imagine
1398 1955 1779 2020 velabantur
1836 1954 1903 2019 id
1964 1953 2136 2041 quod
2192 1953 2352 2019 nihil

339 2060 604 2125 omnino
633 2058 917 2126 habebat
948 2059 1321 2125 offensionis
1352 2060 1420 2124 in
1451 2069 1663 2126 terrae
1706 2061 1817 2126 illo
1850 2060 2121 2127 terribili
2151 2070 2352 2140 motu,

343 2190 493 2233 cum
540 2188 790 2232 summa
835 2165 981 2232 imis
1031 2168 1298 2233 confusa
1342 2165 1760 2253 fingerentur.

477 2271 647 2339 Sunt
668 2272 946 2359 denique
972 2273 1348 2360 tragoediae
1384 2272 1512 2338 loci
1538 2274 1769 2359 quibus
1795 2274 2057 2338 chorum
2093 2275 2352 2340 excelso

339 2380 481 2445 loco
528 2378 739 2467 egisse
787 2378 1280 2462 demonstratur,
1325 2380 1530 2445 velut:

732 2525 794 2568 v.
844 2503 972 2568 130

639 2595 742 2693 ἥδε
788 2601 948 2691 τάξις
995 2605 1262 2686 προσέβα
1307 2598 1475 2672 τόνδε
1521 2602 1723 2691 ποίγον.

730 2737 793 2779 v.
842 2715 972 2780 283

643 2812 949 2910 ὀκριοέσσῃ
996 2815 1177 2903 χθονὶ
1221 2818 1363 2909 τῇδε
1412 2818 1589 2886 πελῶ.
1614 2818 1676 2908 ¹)

338 2943 535 3010 Hanc
617 2944 999 3010 sententiam
1079 2965 1211 3008 non
1293 2945 1672 3030 comprobat
1738 2941 2349 3029 Sommerbrodtius,

343 3051 453 3138 qui
498 3074 561 3138 p.
610 3051 714 3117 36.
768 3049 951 3115 dicit:
1000 3059 1342 3138 postquam
1373 3048 1768 3136 aliquamdiu
1802 3048 2227 3138 (Oceanides)
2275 3073 2352 3115 ex

342 3156 643 3223 machina
688 3156 755 3220 in
796 3165 947 3223 aere
997 3178 1349 3244 suspensae
1399 3177 1545 3221 cum
1575 3154 1958 3222 Prometheo
1993 3156 2351 3223 collocutae

343 3273 510 3347 sunt,
560 3264 627 3329 in
676 3263 1175 3330 orchestram
1221 3239 1629 3327 descendisse
1673 3260 1992 3327 videntur.

455 3562 508 3630 ²)
545 3561 625 3617 Of.
664 3561 1025 3618 Schoenborn.
1061 3565 1097 3619 l.
1135 3579 1179 3619 c.
1218 3581 1268 3633 p.
1296 3562 1420 3619 292.
