2922 4454
1127 379 1564 445 ...25-

470 555 747 621 Accedit
793 553 965 646 quod
1019 541 1165 620 cum
1213 552 1550 642 splendore
1606 553 1716 619 illo
1761 551 2068 618 brevibus
2126 550 2346 638 spatiis

329 663 544 727 effuso
602 660 883 726 tonitrua
943 661 1129 725 simul
1196 659 1620 725 audiebantur
1674 679 1884 744 neqne
1955 680 2032 721 ea
2091 678 2348 742 quoque

331 768 541 833 semel
588 776 699 832 aut
743 766 842 831 bis
898 765 1010 831 sed
1056 765 1381 831 continuo,
1476 763 1672 830 Edita
1728 773 1877 828 sunt
1932 761 2214 828 tonitrua
2272 783 2350 825 ex

330 874 630 938 bronte0.

1072 1082 1189 1148 De
1246 1083 1612 1149 bronteO.

429 1223 533 1288 De
601 1225 871 1289 bronteo
933 1245 1063 1287 non
1125 1222 1464 1287 admodum
1531 1221 1804 1286 difficilis
1865 1231 1964 1286 est
2024 1220 2392 1309 quaestio;'

232 1346 243 1355 ‘
332 1338 479 1396 erat
510 1338 723 1395 autem
757 1329 1065 1415 amphora
1098 1327 1433 1413 quaedam,
1485 1350 1649 1414 quae
1688 1327 1968 1392 calculos
1997 1327 2350 1393 maritimos

334 1428 746 1514 continebat3
777 1434 843 1499 hi
878 1434 1107 1500 calculi
1140 1433 1205 1498 in
1229 1454 1487 1498 aereum
1519 1434 1794 1499 lebetem
1819 1433 2348 1515 immittebantur,

338 1541 412 1605 in
471 1563 596 1626 quo
655 1540 927 1606 volutati
995 1541 1330 1626 strepitum
1400 1538 1665 1604 tonitrui
1724 1539 1994 1616 similem
2053 1537 2348 1605 edebant.

337 1642 458 1711 Sic
525 1646 696 1710 enim
779 1644 1216 1710 Bernhardius
1284 1644 1778 1731 descriptionem
1847 1630 2130 1710 Pollucis
2153 1643 2214 1730 ¹)
2286 1653 2353 1709 et

337 1750 517 1837 quod
565 1751 789 1816 eadem
845 1751 925 1815 de
971 1754 1041 1814 re
1086 1746 1319 1815 Suidas
1341 1749 1405 1836 ²)
1475 1751 1838 1815 memoriae·
1883 1750 2117 1837 prodit,
2173 1762 2350 1816 recte

340 1856 757 1942 interpretari
802 1856 958 1920 mihi
992 1856 1265 1921 videtur.
1343 1853 1738 1921 Schneidero
1786 1857 2071 1922 omnium
2117 1857 2237 1921 soli
2282 1856 2349 1919 in

335 1970 625 2026 mentem
671 1963 848 2027 venit
892 1963 1230 2027 bronteum
1290 1962 1408 2027 sub
1456 1983 1688 2026 scaena
1740 1960 1782 2026 i.
1831 1985 1887 2026 e.
1937 1963 2055 2027 sub
2100 1963 2348 2048 pnlpito

333 2065 643 2144 fuisse.³)
735 2067 906 2134 Nam
961 2066 1244 2133 Pollucis
1303 2060 1475 2149 „find
1522 2060 1620 2152 τὴν
1679 2061 1884 2153 σκηνὴν
1944 2051 2239 2134 ὄπισθεν(
2285 2077 2352 2134 et

455 2389 503 2450 ¹)
542 2378 595 2437 τό
636 2385 686 2437 δὶ
723 2387 983 2455 βροντεῒον,
1019 2378 1110 2437 ὗπὸ
1153 2375 1238 2450 τὴν
1276 2376 1448 2452 σκηνὴν
1489 2374 1720 2452 gurcen,
1758 2378 1898 2439 ἆσκοι
1938 2379 2108 2453 ψήφων
2146 2385 2348 2456 ἶμπλεοι

331 2464 616 2542 διωκόμενοι
652 2461 774 2525 κατᾶ
810 2466 1169 2546 χαλκωμάτων.

449 2560 634 2615 Onom.
673 2562 766 2616 IV.
807 2560 926 2616 130.

454 2651 503 2712 ²)
542 2665 581 2703 S.
622 2666 671 2702 v.
711 2639 904 2717 βροντή.
977 2646 1088 2701 ἔστι
1125 2648 1175 2700 δὲ
1211 2649 1288 2700 καὶ
1327 2640 1597 2721 μηχάνημά
1636 2670 1703 2715 τι,
1748 2641 1780 2699 ἓ
1817 2651 2040 2700 ἐκαλεῖτο
2089 2649 2347 2716 βροντεῒον-

330 2729 432 2807 {mi
473 2729 560 2792 τὴν
596 2726 768 2801 σκηνὴν
804 2736 855 2789 ὃὸ
890 2724 946 2802 ἦν
982 2725 1232 2807 ἇμῲοριῦς
1273 2736 1487 2802 ψηφίδας
1521 2736 1649 2810 ἔχων
1686 2736 1986 2799 θαλαττίας,
2022 2727 2077 2800 ἦν
2113 2734 2164 2787 δὶ
2198 2737 2351 2799 ’λέβης

324 2821 585 2898 χαλκοῦς,
642 2826 714 2881 εἰς
750 2816 804 2877 ὃν
840 2825 891 2876 αἱ
941 2820 1098 2893 ψῆφοι
1155 2819 1413 2902 κατήγοιξτο
1458 2826 1537 2877 καὶ
1582 2815 1862 2895 κυλιόμεναι
1914 2814 2038 2898 ἦχον
2086 2819 2350 2877 ἀπετέλουν

294 2915 306 2924 “
328 2905 529 2965 incudm
566 2907 759 2985 βροντῇ.

453 3003 502 3066 ⁸)
539 3000 711 3055 Istum
759 3016 992 3055 errorem
1042 3015 1109 3055 ex
1157 3002 1264 3056 alio
1309 2999 1452 3070 ejus‘
1475 3016 1654 3057 errore
1698 3002 1998 3072 profectum
2044 3015 2162 3056 esse
2198 3008 2348 3071 puto.

330 3089 488 3145 Dicit
529 3090 670 3143 enim
707 3090 741 3143 l.
780 3105 823 3142 c.
862 3107 913 3157 p.
943 3089 1073 3143 102:
1148 3089 1369 3154 „Durch
1416 3089 1507 3144 die
1548 3090 1745 3144 hohlen
1792 3089 2000 3143 Raume
2048 3095 2208 3143 unter
2256 3089 2352 3144 der

333 3176 533 3230 Bnhne
569 3176 680 3229 und
712 3177 809 3232 der
832 3178 1007 3231 einem
1030 3177 1495 3232 Resonanzboden
1521 3177 1808 3231 ahnlichen
1829 3177 2124 3230 Vorbfihue
2148 3185 2351 3233 musste

335 3265 438 3319 der
475 3265 617 3330 Ton,
666 3265 766 3319 wie
804 3265 975 3319 durch
1010 3266 1099 3319 ein
1135 3265 1472 3334 Sprachrohr
1504 3266 1777 3320 verstarkt
1813 3266 2025 3319 werden
2048 3269 2078 3292 ‘⁴
2154 3267 2350 3321 Omnes

336 3363 522 3408 autem
559 3354 661 3408 viri
706 3353 873 3416 docti,
921 3354 1012 3421 qui
1059 3353 1185 3407 huic
1231 3355 1311 3407 rei
1359 3368 1576 3421 operam
1623 3352 1913 3416 dederunt,
1965 3352 2351 3408 Schneiderum
2411 3361 2422 3372 ·

334 3443 443 3496 hac
481 3444 536 3496 in
572 3458 631 3495 re
669 3441 824 3494 valde
862 3456 1068 3496 errasse
1093 3456 1267 3509 neque
1293 3441 1458 3495 ullam
1482 3440 1683 3509 pulpiti
1706 3447 1915 3507 partem
1942 3441 1996 3494 in
2023 3440 2351 3496 orchestram

336 3530 664 3584 eminentem
706 3529 869 3584 fuisse
907 3529 1354 3583 demonstrarunt.
1417 3532 1559 3596 (vide
1596 3527 1835 3581 tabulam
1862 3528 2175 3583 Schneideri
2212 3528 2351 3583 libro

334 3616 581 3672 additam
614 3633 659 3672 r.
698 3616 793 3671 das
827 3615 1105 3684 Logeion.)
