2922 4454
1229 1182 1398 1280 csp.
1430 1182 1481 1259 1.
1525 1141 1529 1147 .

994 1341 1174 1465 De
1243 1386 1702 1476 scaena.
1797 1410 1802 1415 ·

484 1619 591 1683 De
642 1640 873 1683 scaena
930 1616 1303 1683 Promethei
1361 1617 1727 1706 Aschyleae
1795 1640 2034 1704 magna
2103 1615 2361 1703 quidem

344 1725 515 1790 inter
559 1724 737 1789 viros
786 1722 1009 1787 doctos
1066 1732 1163 1788 est
1222 1722 1571 1804 dissensio,
1643 1723 1756 1789 sed
1824 1722 2363 1812 simplicissimam

345 1853 487 1897 eam
553 1830 755 1896 fuisse
826 1847 1048 1893 omnes
1116 1828 1461 1896 affirmant.
1579 1827 1680 1893 Ac
1749 1829 2026 1917 primum
2104 1826 2362 1914 quidem

343 1918 557 2001 utrum
617 1935 842 2000 aulaeo
899 1934 1113 1999 velata
1168 1934 1364 2000 fuerit
1421 1957 1657 1999 scaena
1713 1955 1915 1999 necne
1975 1932 2185 2021 adhuc
2243 1931 2361 1996 sub

337 2041 569 2131 ju‘dice
613 2039 694 2104 lis
756 2048 852 2105 est
910 2040 1076 2105 inter
1123 2032 1551 2126 explicatores
1598 2038 1986 2110 Promethei.
2078 2038 2363 2123 Droyse-

344 2148 489 2212 nius
535 2148 703 2210 enim
752 2146 833 2210 ad
879 2145 1073 2210 finem
1118 2145 1438 2212 versionis
1469 2144 1839 2213 Promethei
1888 2144 2182 2210 aulaeum
2223 2141 2365 2208 tolli

350 2252 698 2320 contendit.
727 2260 786 2330 ¹)
1733 2308 1743 2322 ,
1768 2248 1775 2256 ’

462 2356 912 2431 ,Schneiderus
932 2355 997 2444 2)
1032 2379 1253 2422 omnes
1287 2356 1521 2444 quibus
1553 2357 1761 2424 aulaei
1798 2357 2040 2423 mentio
2071 2355 2144 2420 fit
2186 2354 2365 2421 locos

347 2464 706 2558 congessit3
740 2464 853 2529 sed
878 2465 1011 2548 jam
1045 2463 1456 2529 Hermannus
1479 2468 1543 2540 ³)
1578 2472 1641 2528 et
1677 2462 2093 2550 Boettigerus
2115 2469 2179 2540 ⁴)
2212 2461 2367 2527 satis

351 2592 670 2659 superque
717 2570 1257 2651 demonstrarunt,
1306 2569 1388 2635 ad
1435 2591 1735 2636 scaenam
1783 2568 2046 2633 minime
2079 2577 2367 2656 spectare

350 2699 516 2764 quae
561 2675 928 2760 Hesychius
952 2678 1006 2756 ³)
1069 2683 1134 2740 et
1178 2673 1499 2758 Suidasss)
1556 2675 1677 2741 hac
1726 2674 1804 2740 de
1849 2696 1919 2740 re
1967 2673 2363 2762 scripserint.

467 2852 516 2919 ι)
556 2853 638 2906 Of.
677 2852 840 2918 etiam
878 2851 1021 2920 quod
1056 2851 1114 2904 in
1150 2851 1396 2906 versione
1425 2852 1574 2920 Sept.
1601 2859 1770 2907 contr.
1811 2851 1981 2906 Theb.
2012 2850 2165 2905 initio
2202 2849 2367 2904 tacite

355 2940 421 2995 de
457 2939 647 2994 aulaeo
698 2954 732 2992 a
767 2940 988 2994 Graecis
1032 2937 1274 2993 adhibito
1312 2953 1523 2993 sumere
1575 2940 1804 2995 videtur.
1878 2939 2028 2994 Idem
2073 2937 2140 2992 de
2177 2938 2368 2992 aulaeo

354 3028 522 3083 sentit
565 3027 842 3082 Genellius
889 3026 1146 3096 (Theater
1194 3043 1262 3080 zu
1312 3013 1512 3093 Athen,
1562 3028 1805 3084 Berolini
1858 3035 1915 3081 et
1956 3025 2175 3094 Lipsiae
2228 3025 2368 3079 1818

354 3133 406 3186 p.
445 3116 531 3171 54„
570 3123 627 3171 et
660 3116 902 3170 Lohdius
942 3115 1065 3183 (Die
1103 3114 1279 3169 Skene
1314 3114 1411 3169 der
1446 3115 1652 3183 Alten).
1728 3115 1969 3171 Berolini
2005 3112 2162 3168 1830.
2207 3128 2260 3181 p.
2299 3112 2368 3165 12

355 3206 450 3272 (20
460 3212 542 3261 tes
579 3205 908 3273 Programm·
930 3220 1051 3258 zum
1090 3201 1679 3272 winkelmannsfeste).

254 3283 265 3292 ’
469 3295 517 3358 ²)
555 3292 832 3348 Attisches
871 3291 1289 3347 Theaterwesen
1323 3307 1376 3360 p.
1416 3293 1511 3348 81.
1546 3293 1649 3348 No.
1689 3293 1814 3348 103.

470 3382 519 3446 ⁸)
558 3380 738 3448 Leips.
778 3380 885 3434 Lit.
925 3379 1063 3433 Zeit.
1106 3379 1260 3433 1818.
1311 3379 1363 3434 S.
1404 3381 1560 3434 1906.

470 3471 518 3535 ⁴)
556 3470 674 3522 Art.
712 3467 892 3522 Notiz.
931 3467 1015 3521 Bl.
1055 3466 1211 3523 1824.
1250 3467 1350 3522 No.
1391 3468 1440 3523 2.
1526 3466 1719 3524 Kleine
1743 3466 2028 3522 Schriften
2066 3466 2115 3518 1.
2153 3481 2205 3533 p.
2243 3461 2369 3518 402.

472 3558 521 3622 ὅ)
558 3571 602 3612 Β.
640 3571 705 3609 vr
726 3549 937 3611 αὐλαία.

470 3643 523 3712 ⁸)
559 3659 601 3699 s.
639 3658 688 3697 v.
726 3638 939 3701 ιῦλαία.
