2922 4454
1198 306 1597 373 -7-

500 477 631 548 Sed
659 481 812 547 huic
844 481 1130 569 opinioni
1152 481 1416 548 mimine
1440 480 1927 548 adsentiendum
1952 502 2095 547 esse
2117 477 2401 545 Schoen-

388 587 651 653 bornius
698 587 1162 654 demonstravit
1205 586 1305 654 his
1350 580 1488 653 fere
1532 587 1783 654 verbis:
1811 585 1870 674 ¹)
1917 583 1991 651 Si
2036 607 2213 650 mare
2252 606 2401 648 con·

389 692 551 781 spici
594 693 928 781 potuisset,
989 691 1256 759 Oceano
1318 714 1576 780 quoque
1634 702 1698 757 et
1755 690 2195 770 Oceanidibus
2253 688 2402 754 inde

388 798 431 866 i.
480 820 538 865 e.
586 798 653 862 in
701 797 889 864 litore
934 798 1322 864 veniendum
1368 797 1619 876 fuisset,
1665 796 1731 861 id
1781 795 1952 884 quod
1997 783 2174 861 nullo
2211 793 2402 860 modo

392 903 638 970 factum
683 912 800 969 est.
892 903 1063 969 Nam
1111 903 1476 971 Oceanides
1534 925 1651 991 per
1711 911 1930 968 aerem
1986 898 2316 977 advolant,
2338 903 2401 976 ²)

388 1033 451 1078 v.
506 1010 632 1077 128
679 1032 843 1097 sqq.‚
894 1011 1261 1092 280,124,
1328 1011 1475 1087 135,
1536 1016 1602 1074 et
1661 1008 1963 1075 Oceanus
2024 1028 2280 1094 quoquc
2335 1003 2403 1069 in

387 1117 558 1180 alato
619 1138 785 1202 equo
857 1138 974 1202 per
1043 1123 1256 1182 ae'rem
1328 1114 1592 1181 advenit
1612 1122 1674 1195 ³)
1735 1135 1946 1202 neque
2011 1112 2144 1178 ullo
2200 1110 2401 1176 verbo

390 1243 569 1287 mare
640 1220 843 1286 oculis
912 1220 1157 1309 adspici
1226 1219 1749 1290 indicatur.1d
1815 1228 2066 1286 tantum
2133 1215 2404 1284 concedi

384 1336 620 1414 potest,
678 1349 856 1393 mare
915 1349 1046 1425 non
1109 1349 1348 1413 magno
1407 1350 1446 1392 a
1504 1351 1738 1393 scaena
1807 1325 2015 1414 spatio
2088 1333 2404 1391 semotum

390 1454 552 1497 esse.
568 1432 795 1603 v:Nam

614 1540 830 1605 .570.
879 1559 1020 1625 sqq.
1068 1539 1160 1603 sic
1206 1536 1492 1626 loquitur
1534 1537 1654 1604 J0.

859 1651 1015 1725 ἄλλά
1060 1686 1130 1744 με
1175 1687 1279 1726 ταν
1326 1655 1618 1739 ταλαιναν,

863 1766 924 1849 ἐξ
970 1765 1158 1850 ἐνέρων
1203 1794 1423 1852 κυναγει
1480 1766 1675 1834 πλανα

872 1898 935 1936 τε
983 1870 1170 1957 νῆστιν
1218 1867 1260 1938 α’
1273 1868 1351 1937 voi
1412 1867 1543 1938 τοῖν
1587 1872 1964 1957 παραλίαν
2011 1866 2270 1958 ψάμμο
2292 1898 2334 1935 ν.

475 1968 498 1988 ⁹
523 1993 625 2059 Ex
685 1994 783 2060 his
841 1995 1083 2061 ultimis
1143 1996 1361 2062 verbis
1422 2018 1684 2063 arenam
1742 1997 1811 2060 in
1869 2018 1994 2083 qua
2049 1994 2097 2061 J
2101 2017 2138 2059 o
2210 2002 2400 2074 errat,

389 2109 653 2187 propter
697 2122 876 2166 mare
921 2101 964 2168 i.
1015 2124 1070 2168 e.
1118 2102 1289 2168 haud
1336 2102 1533 2188 longo
1582 2104 1663 2168 ab
1710 2124 1786 2167 eo
1834 2101 2042 2188 spatio
2087 2108 2405 2165 remotam

387 2225 530 2271 esse
574 2206 986 2295 perspicuum
1032 2217 1150 2273 est.
1241 2206 1515 2275 Accedit
1562 2206 1737 2296 quod
1768 2205 2155 2291 Oceanides‚
2202 2206 2402 2271 ferra-

391 2320 778 2396 mentorum,
845 2313 1079 2400 quibus
1136 2313 1559 2380 Prometheus
1609 2337 1761 2380 saxo
1824 2312 2126 2402 affigitur,
2189 2311 2402 2378 sonitu

388 2415 456 2480 in
481 2416 683 2482 antris
696 2418 913 2484 audito
929 2420 1010 2485 ad
1030 2419 1333 2485 miserum
1351 2419 1815 2486 consolandum
1838 2419 2322 2486 festinaverunt.
2335 2417 2400 2504 ⁴)

521 2522 758 2590 Portae
817 2534 1031 2590 autem
1093 2525 1428 2591 scaenicae
1487 2536 1643 2613 quot
1696 2547 1964 2592 numero
2023 2525 2401 2611 plerumque

385 2628 627 2695 fuerint
671 2629 739 2695 in
782 2630 1136 2719 tragoediis
1169 2653 1478 2718 quaerere
1508 2631 1772 2697 minime
1801 2630 2081 2719 pertinet
2111 2630 2194 2695 ad
2224 2652 2402 2717 prae·

387 2743 638 2800 sentem
683 2736 1052 2820 materiam,
1114 2737 1418 2824 quoniam
1471 2736 1538 2801 in
1583 2736 1958 2803 Promethei
2007 2759 2273 2817 scaena,
2331 2745 2404 2802 ut

387 2862 474 2905 ex
521 2838 599 2905 iis
647 2863 813 2929 quae
874 2841 1005 2908 dixi
1068 2843 1221 2908 satis
1278 2854 1502 2930 patere
1558 2842 1717 2908 mihi
1771 2841 2027 2908 videtur
2070 2851 2399 2929 portarum

501 3211 521 3244 1

501 3211 551 3362 ’ζ
588 3208 646 3351 id
664 3211 985 3355 myas
1020 3300 1163 3355 infra
1199 3300 1657 3356 demonstrabitur
1689 3316 1742 3369 p.
1768 3300 1853 3355 17.
1892 3316 2005 3370 sqq.

492 3386 540 3450 ³)
580 3400 629 3438 v.
668 3385 788 3441 288.
830 3386 931 3453 (ed.
961 3388 1302 3444 Hermannus
1338 3387 1582 3443 Berolini
1619 3389 1779 3455 1859)
1815 3378 1899 3443 τᾶν
1946 3384 2225 3459 πτερυγωκῆ
2262 3385 2399 3446 τόνδε

326 3491 335 3498 ·
385 3461 550 3528 elmar
583 3471 744 3548 γνώμῃ
782 3472 994 3544 στομίων
1030 3465 1146 3547 ἔτερ
1185 3472 1399 3532 εὐθύνων
1436 3475 1517 3531 Cf.
1553 3492 1603 3532 v.
1641 3476 1763 3534 396.

500 3564 550 3627 ⁴)
587 3576 636 3615 v.
676 3562 797 3628 133,
834 3562 954 3619 134„
